1786 3068
301 216 353 253 18
812 211 1207 245 ΑΝΑΛΤΤΙΚΩΝ

301 309 559 371 γεωμέτρης·
593 307 755 367 ὁμοίως
774 307 820 351 δὲ
838 307 914 351 καὶ
933 306 1002 351 ἐπὶ
1027 309 1113 352 τῶν
1142 303 1283 351 αλλων
1311 305 1566 366 ἐπιστημῶν.
1623 302 1724 349 οὔτε

301 380 390 421 πᾶν
407 373 495 434 α’ρα
513 374 691 418 ἕκαστον
709 370 968 432 ἐπιστήμονα
987 371 1179 433 ἐρώτημα
1209 371 1452 431 ἐρωτητὲον,
1486 367 1590 416 οὔθ’
1609 367 1726 414 ἅπαν

301 439 351 485 τὸ
380 438 652 498 ἐρωτώμενον
680 435 935 495 αποκριτέον
956 439 1050 495 περὶ
1072 436 1271 491 ἑκάστου,
1307 433 1416 480 ἀλλὰ
1437 433 1488 479 τὰ
1516 431 1624 479 κατὰ
1646 432 1726 495 τὴν

303 503 537 565 ἐπιστήιιην
566 502 852 561 διορισθέντα.
918 503 955 548 εἰ
982 504 1026 548 δε
1057 500 1287 556 διαλέξεται
1317 501 1528 562 γεωμέτρη
1559 492 1589 558 ᾗ
1620 517 1725 559 γεω-

252 593 285 619 10
302 571 458 630 μετοης
487 566 648 623 οὕτως,
691 565 882 627 φανερὸν
914 565 978 613 ὅτι
1008 570 1082 613 καὶ
1111 572 1278 624 καλῶς,
1323 566 1396 612 ἐὰν
1424 566 1469 611 ἐκ
1499 566 1665 611 τούτων
1686 582 1727 609 τι

302 634 448 680 δεικιτ
454 651 502 691 η,
538 634 573 677 εἰ
606 633 652 677 δε
681 631 766 693 μή,
801 631 860 678 οὐ
897 637 1052 689 καλῶς.
1119 637 1255 694 δῆλον
1282 630 1319 677 6'
1352 631 1419 677 ότι
1447 629 1544 676 0136'
1573 630 1728 690 ἐλέγχει

651 694 725 713 ,Ἦ

301 699 540 760 γεωμέτρην
571 695 652 742 οἷλλ
692 716 721 759 η
758 697 866 743 κατὰ
901 698 1196 760 συμβεβηκός,
1239 696 1339 743 ὥστ’
1377 695 1463 743 οὐκ
1495 693 1550 740 ἆυ
1589 697 1654 757 εἴη
1684 696 1728 741 ἐν

301 762 635 824 οἶγεωιιετρήτοις
671 764 766 822 περὶ
810 765 1064 824 γεωμετρίας
1103 764 1367 810 διαλεκτέον·
1419 761 1544 823 λήσει
1576 759 1671 844 γὰρ’,
1702 758 1728 805 ὃ

300 829 484 888 φαύλως
512 828 827 888 διαλεγόμενος.
895 828 1054 889 ὁμοίως
1083 831 1130 876 δὲ
1159 831 1231 875 καὶ
1265 830 1330 875 ἐπὶ
1361 832 1445 874 τῶν
1474 826 1616 872 αλλων
1647 826 1729 885 εχει

251 915 284 941 15
299 896 556 955 ἐπιστηιιοῖν.

414 958 531 1005 Ἐπεὶ
596 957 633 1003 6'
695 959 781 1004 ἐστὶ
846 957 1102 1017 γεωμετρικὰ
1167 957 1435 1019 ἐρωτήματα,
1515 949 1581 1014 ἆρ’
1642 955 1727 1000 ἐστὶ

299 1027 372 1070 καὶ
416 1023 736 1105 ἆγεωιιέτρητα,·
786 1025 859 1068 καὶ
893 1022 995 1083 παρ’
1034 1023 1218 1105 ἑκάστην
1253 1022 1487 1084 ἐπιστήμην
1527 1040 1580 1067 τα
1621 1018 1729 1065 κατὰ

300 1088 382 1152 τὴν
425 1089 603 1149 α’γνοιαν
638 1088 720 1150 τήν
763 1087 896 1134 ποιὰν
937 1089 1194 1149 γεωμετρικά
1237 1089 1376 1140 ἐστιν;
1433 1088 1505 1133 καὶ
1545 1085 1730 1145 πότερον

303 1153 328 1200 6
369 1153 478 1200 κατὰ
518 1153 597 1216 τὴν
627 1152 806 1214 α’γνοιαν
846 1153 1145 1215 συλλογισμὸς
1175 1152 1200 1200 6
1233 1154 1279 1199 ἐκ
1316 1157 1401 1199 τῶν
1433 1151 1731 1210 αντικειμένων

251 1221 616 1281 κοσυλλογισμός,
659 1217 689 1281 ἢ
724 1218 748 1264 6
784 1220 1132 1280 παραλογισμός,
1175 1237 1285 1265 κατα
1311 1219 1566 1279 γεωμετρίαν
1594 1217 1663 1271 δέ,
1697 1215 1730 1278 ὴ

300 1285 345 1341 ἐξ
372 1284 507 1347 ἄλλης
534 1286 707 1346 τέχνης,
758 1289 852 1330 οἱον
882 1283 931 1329 τὸ
964 1284 1179 1344 μουσικόν
1209 1285 1324 1330 ἐστιν
1355 1284 1553 1345 ἐρωτηιια
1593 1300 1728 1343 αγεω-

299 1352 507 1414 μέτρητον
542 1352 638 1409 περὶ
669 1350 945 1412 γεωμετρίας,
994 1349 1046 1396 τὸ
1085 1352 1130 1396 δὲ
1165 1369 1243 1406 τας
1275 1351 1584 1411 παραλλήλους
1614 1361 1729 1407 συμ-

299 1418 469 1463 πίπτειν
498 1419 672 1463 οιεσθαι
702 1416 984 1477 γεωμετρικόν
1011 1430 1102 1473 πως
1134 1418 1206 1462 καὶ
1237 1414 1554 1477 ἄγεωμέτρητον
1595 1412 1731 1459 ἄλλον

299 1482 487 1566 τρόπον;
530 1480 672 1528 διττὸν
698 1480 779 1542 γὰρ
810 1500 965 1536 τουτο,
1010 1480 1157 1542 ὥσπερ
1186 1480 1236 1527 τὸ
1274 1480 1528 1540 ἄρρυθμον,
1571 1481 1645 1525 καὶ
1676 1478 1730 1524 τὸ

250 1567 285 1595 25
300 1567 377 1608 μεν
403 1550 545 1607 ε’τερον
578 1546 894 1608 αγεωμέτρητον
922 1551 982 1592 τῶ
1001 1546 1060 1609 μὴ
1094 1549 1200 1607 ἔχειν
1229 1545 1376 1607 ω’σπερ
1405 1545 1454 1592 τὸ
1482 1545 1729 1606 αρρυθμον,

300 1611 350 1659 τὰ
371 1612 410 1659 δ’
438 1614 581 1694 ἕτερον
601 1628 660 1658 τω
688 1612 915 1672 φαύλως’
902 1631 1028 1672 εχειν·
1063 1615 1136 1658 καὶ
1165 1612 1193 1676 ἡ
1225 1611 1378 1673 α’γνοια
1401 1610 1514 1674 αὕτη
1543 1612 1613 1656 καὶ
1637 1609 1664 1671 ἡ
1686 1611 1731 1656 ἐκ

300 1683 386 1725 τῶν
402 1678 613 1725 τοιούτων
633 1677 791 1738 ἀρχῶν,
811 1679 990 1724 ἐναντία
1025 1679 1069 1724 ἐν
1081 1680 1127 1725 δε
1146 1684 1236 1735 τοῖς
1251 1678 1531 1759 μαθήμασιν
1523 1675 1607 1723 οὐκ
1620 1677 1732 1722 ε’στιν

300 1743 460 1804 ὁμοίως
491 1742 517 1789 6
547 1743 883 1804 παραλογισμός,
919 1742 984 1789 ὅτι
1016 1743 1066 1789 τὸ
1092 1745 1224 1803 μέσον
1248 1745 1363 1790 ἐστιν
1389 1742 1452 1789 αεὶ
1483 1762 1534 1789 το
1566 1742 1730 1788 διττόν·

300 1810 410 1855 κατά
431 1828 475 1855 τε
504 1808 584 1870 γὰρ
616 1810 781 1855 τούτου
809 1808 995 1865 παντός,
1040 1811 1114 1855 καὶ
1142 1813 1276 1856 τοῦτο
1302 1808 1436 1855 πάλιν
1466 1807 1560 1854 κατ’
1588 1806 1731 1854 αλλου

251 1893 286 1920 80
300 1876 460 1937 λέγεται
481 1873 742 1930 παντός.τό
763 1876 808 1920 δε
821 1875 1198 1937 κατηγορούμενον
1208 1874 1266 1921 οὐ
1286 1876 1448 1935 λέγεται
1461 1879 1560 1920 πᾶν.
1593 1878 1732 1920 ταῦτα

300 1940 339 1988 δ’
359 1942 472 1987 ἐστὶν
493 1938 587 1987 οἷον
607 1939 717 1999 ὁρᾶν
737 1944 790 2000 τῇ
810 1940 974 2003 νοήσει,
995 1942 1038 1986 ἐν
1056 1943 1101 1987 δε
1114 1948 1204 1998 τοῖς
1222 1940 1374 2002 λόγοις
1393 1940 1612 1986 λανθάνει.
1646 1932 1732 1999 ἆρα

300 2011 386 2063 πᾶς
419 2007 583 2064 κύκλος
613 2011 788 2087 σχημα,·
831 2025 884 2052 αν
912 2008 958 2052 δε
984 2007 1149 2068 γράψῃ,
1183 2011 1333 2069 δηλον.
1388 2008 1431 2052 τί
1464 2007 1535 2059 δέ;
1566 2023 1619 2051 τα
1650 2006 1731 2068 επη

300 2072 491 2129 κυκλοςς
523 2071 720 2132 φανερὸν
739 2070 806 2118 ὅτι
828 2071 914 2118 οὐκ
937 2073 1061 2119 ἔστιν.

407 2137 477 2185 Οὔ
509 2143 574 2185 δεῖ
597 2137 634 2184 6³
659 2139 855 2184 ε’νστασιν
881 2140 942 2194 εἰς
978 2137 1091 2185 αὐτὸ
1124 2138 1284 2198 φέρειν,
1322 2135 1376 2182 ι”ἓν
1403 2129 1430 2196 ἧ
1465 2156 1494 2220 η
1525 2136 1732 2194 πρότασις

250 2203 516 2266 ῶέπακτική.
572 2202 715 2263 ωσπερ
747 2222 830 2265 γαρ
864 2203 971 2251 οὐδὲ
997 2205 1209 2264 πρότασίς
1240 2201 1397 2250 ἐστιν
1379 2222 1407 2265 η
1437 2203 1496 2265 μή
1525 2203 1637 2248 ἐστιν
1664 2202 1731 2248 ἐπὶ

298 2270 508 2317 πλειόνων
540 2269 619 2330 (οὐ
639 2269 722 2331 γὰρ
753 2271 868 2316 ἔσται
900 2271 967 2316 ἐπὶ
998 2270 1185 2326 πάντων,
1221 2270 1267 2316 ἐκ
1297 2274 1385 2315 τῶν
1411 2268 1618 2314 καθόλου
1644 2266 1681 2313 δ’
1704 2287 1729 2314 ο

389 2396 411 2428 8
434 2391 480 2428 τὰ
506 2406 562 2426 om
586 2394 619 2426 d.
645 2412 689 2419 —
720 2394 740 2426 9
763 2391 967 2447 γεωμέτρῃ]
992 2395 1043 2439 τῷ
1065 2392 1246 2438 γεωμέτρῃ
1271 2405 1304 2426 π.
1328 2411 1373 2418 -
1407 2393 1443 2424 ll
1472 2390 1511 2425 δε
1535 2391 1600 2435 μή]
1621 2390 1674 2447 δὴ
1697 2392 1730 2424 d

304 2458 341 2463 —
368 2437 545 2494 δηλονότι
561 2439 593 2471 d.
620 2456 662 2463 —
689 2439 731 2471 13
756 2436 965 2483 ἄγεωμετρη
944 2451 1018 2482 ητῳ
1048 2440 1086 2472 C.
1110 2458 1154 2463 —-
1182 2439 1221 2471 14
1247 2437 1387 2479 φαῦλος
1410 2437 1442 2468 d.
1471 2455 1511 2460 —-
1549 2438 1588 2469 16
1613 2432 1637 2469 c'r‘

299 2502 344 2508 —-—
372 2485 412 2516 17
434 2483 496 2518 καὶ
521 2479 545 2516 ὁὶ
568 2480 655 2528 παρ’
678 2494 712 2515 n.
735 2501 779 2509 —
805 2483 847 2516 18
871 2482 983 2526 ἐστιν]
997 2473 1105 2517 ἐστιν
1129 2482 1189 2516 καὶ
1215 2480 1468 2534 ἅγεωμέτρητα
1485 2483 1518 2522 s.
1542 2499 1586 2506 -
1621 2482 1631 2514 1
1683 2481 1732 2512 alt

300 2525 319 2562 6
346 2540 401 2560 om
425 2540 458 2561 n.
487 2547 528 2554 —
554 2529 598 2561 20
620 2527 958 2581 παρασυλλογισμός
985 2529 1057 2570 ΑΒ,
1083 2539 1121 2570 pr
1145 2539 1196 2569 cu,
1222 2539 1300 2560 corr
1324 2527 1357 2560 d.
1386 2544 1418 2550 ——
1448 2523 1467 2558 6
1497 2537 1550 2557 om
1566 2526 1728 2558 clun.—

300 2571 410 2626 κατὰ]
445 2571 507 2606 καὶ
541 2585 580 2615 pr
615 2573 661 2605 M.
688 2591 731 2596 —
763 2574 806 2605 22
829 2569 931 2617 παρὰ
963 2573 1182 2617 γεωμετρίαν
1208 2572 1256 2604 Μ.
1282 2590 1327 2597 -
1357 2569 1590 2614 παραλλήλας
1618 2582 1652 2603 π,
1687 2587 1730 2594 --

299 2617 345 2649 24
367 2585 560 2670 ἄρυθμονΡ
563 2617 719 2649 scribunt
742 2617 903 2649 ABMdn.
929 2635 973 2642 —
996 2618 1040 2651 25
1065 2624 1100 2649 et
1122 2618 1165 2650 26
1189 2616 1254 2661 τῷ]
1279 2614 1318 2649 vd
1345 2617 1379 2648 d.
1406 2634 1448 2640 —
1473 2615 1517 2647 28
1529 2615 1730 2660 παρασυλ-

301 2660 471 2704 λογισμός
496 2663 534 2694 Α.
561 2680 601 2685 -—
625 2658 667 2695 τὸ
690 2673 744 2693 om
770 2662 865 2705 Mdp,
891 2662 948 2693 del
979 2662 1037 2694 Cu.
1061 2679 1106 2686 -—
1129 2662 1172 2694 29
1196 2673 1235 2704 γε
1263 2662 1303 2694 Β.
1330 2680 1372 2686 -
1395 2657 1532 2694 τούτου
1557 2671 1596 2701 pr
1621 2660 1662 2692 Β.
1688 2677 1728 2682 -

302 2705 344 2737 30
379 2713 459 2760 post
486 2706 562 2739 πᾶν
593 2706 650 2738 del
683 2718 726 2738 un
760 2706 801 2737 vb
835 2717 867 2738 n.
892 2723 936 2731 —-
971 2707 1011 2739 31
1039 2703 1120 2740 οἷον
1141 2717 1197 2738 om
1196 2673 1271 2741 γ.Μ
1296 2724 1342 2730 —-
1373 2706 1417 2738 32
1440 2702 1568 2749 γράφῃ
1602 2715 1660 2747 up.
1686 2721 1730 2728 —

302 2748 387 2789 δαί;
411 2748 451 2784 τὸ
479 2749 565 2789 ε’πος
592 2751 627 2783 C
653 2769 695 2776 —
720 2751 762 2783 36
786 2749 820 2784 δ’
844 2762 899 2783 om
922 2762 955 2783 n.
