1786 3068
302 197 354 235 36
814 190 1199 228 ΑΝΑΛΤΤΙΚΩΝ

303 297 366 357 1:03
403 290 484 353 γὰρ
520 291 635 348 ἐντὸς
672 290 958 351 ἐμβάλλεσθαι
993 288 1122 350 ὅρον,
1178 289 1269 337 αλλ’
1307 288 1366 336 ου’
1403 295 1464 355 τῷ
1492 293 1715 351 προσλαμ-

303 359 512 419 βάνεσθαι
534 358 836 404 ἀποδείκνυται
853 355 903 403 τὸ
927 355 1308 417 οἷποδεικνυμενον.
1353 337 1452 402 ὥστ’
1473 358 1510 402 εἰ
1524 355 1639 403 τοῦτ’
1656 358 1716 414 εἰς

305 424 480 484 ἄπειρον
507 424 753 483 ἑνδέχεται’
738 423 865 479 ιέναι,
909 422 1102 484 ἐνδέχοιτ’
1127 420 1180 471 ὂὲν
1207 424 1292 470 δύο
1323 420 1435 483 ὅρων
1465 421 1618 485 απειρα
1641 440 1715 482 με·-

303 489 411 546 ταξὺ
433 487 537 536 εἶναι
561 490 679 549 μέσα.
735 488 844 535 ἀλλὰ
872 489 989 537 τοῦτ’
1010 489 1249 546 ἀδύνατον,
1292 491 1328 534 εἰ
1362 492 1550 535 ῖστανται
1579 489 1622 535 αὶ
1637 507 1715 534 κα-

264 565 286 598 h
304 557 496 618 τηγορίαι
531 556 597 600 ἐπὶ
628 553 677 600 τὸ
711 553 800 601 ἄνω
834 557 907 601 καὶ
932 554 982 602 τὸ
1007 555 1133 602 κάτω.
1181 554 1247 602 ὅτι
1277 556 1321 601 δὲ
1351 558 1554 612 ἱστανται,
1581 555 1717 602 δέδει-

305 641 399 668 κται
421 624 602 680 λογικῶς
622 621 698 680 μὲν
718 622 947 680 πρότερον,
982 621 1248 679 οἷναλυτικῶς
1267 623 1313 667 δὲ
1333 627 1423 668 νῦν.

225 689 287 731 23
404 687 692 746 Λεδειγμένων
723 689 769 733 δε
801 688 967 735 τούτων
1001 687 1192 750 φανερὸν
1226 686 1316 744 ὅτι,
1351 688 1422 734 ἐάν
1454 704 1493 733 τι
1525 685 1575 733 τὸ
1608 683 1717 732 αὑτὸ

304 754 432 798 δυσὶν
463 751 658 813 ὑπάρχη,
693 751 786 800 οἷον
817 753 869 800 vd
899 759 936 800 Α
968 759 1029 820 τῷ
1059 772 1102 801 τε
1137 759 1182 800 Γ
1206 756 1278 800 καὶ
1309 759 1373 799 τῶ
1406 759 1460 810 Δ,
1493 752 1552 815 μὴ
1586 770 1718 815 κατη-

270 835 287 861 ⁵
303 818 574 881 γορουμένου
601 820 793 880 θατέρου
820 819 927 866 κατὰ
956 822 1173 903 θατέρου,
1206 819 1236 882 ἢ
1261 817 1505 882 μηδαμῶς
1487 839 1512 882 η
1532 817 1591 882 μὴ
1608 816 1716 864 κατά

302 884 476 942 παντός,
512 882 576 931 ὅτι
610 903 697 931 ουκ
729 885 796 933 ἀεὶ
827 885 933 933 κατά
959 887 1110 933 κοινόν
1131 906 1171 933 τι
1192 885 1384 945 ὑπάρξει.
1431 892 1524 932 οιον
1540 890 1603 950 τῷ
1625 887 1718 930 ἰσο-

303 955 445 997 σκελεῖ
473 953 545 997 καὶ
576 956 639 997 τοῖ
672 957 876 1019 σκαληνῷ
907 952 959 998 τὸ
994 955 1121 999 δυσὶν
1154 952 1312 1012 ὀρθαις
1346 955 1441 1009 ἴσας
1473 953 1578 1012 ε’χειν
1611 948 1719 997 κατὰ

303 1017 451 1064 κοινόν
489 1035 529 1063 τι
560 998 764 1079 ὑπάρχει·
808 1020 837 1079 ὴ
879 1037 960 1103 γαρ
1004 1018 1146 1081 σχῆιιά
1178 1037 1240 1074 τι,
1283 1017 1484 1078 ὑπάρχει,
1532 1018 1606 1063 καὶ
1638 1015 1720 1076 οὐχ

302 1103 332 1143 ῃ
359 1084 513 1144 ἕτερον.
557 1089 690 1130 τοῦτο
720 1084 758 1131 6³
781 1084 866 1131 οὐκ
888 1084 952 1131 αἐὶ
973 1083 1112 1142 οὕτως
1136 1085 1227 1145 ἔχει.
1272 1086 1375 1130 ἔστω
1393 1082 1473 1167 γάρ
1494 1082 1544 1129 τὸ
1565 1086 1601 1129 Β
1619 1081 1721 1129 καθ’

254 1148 330 1196 1οὃ
364 1148 413 1196 τὸ
446 1154 482 1195 Α
515 1153 578 1214 τῷ
613 1155 692 1196 ΓΔ
723 1150 916 1211 ὑπάρχει.
963 1155 1100 1213 δῆλον
1131 1153 1278 1197 τοίνυν
1310 1149 1375 1196 ὅτι
1407 1152 1479 1195 καὶ
1510 1148 1560 1195 τὸ
1593 1152 1630 1194 Β
1657 1167 1718 1212 τω

306 1218 439 1262 Γκαὶ
459 1222 500 1273 A
533 1216 622 1262 κατ’
657 1216 762 1264 α’λλο
794 1217 954 1270 κοινόν,
987 1216 1160 1262 κιέκεῖνο
1192 1213 1293 1262 καθ’
1317 1217 1469 1272 ἕτερον,
1504 1214 1610 1261 ὥστε
1635 1214 1721 1260 δύο

303 1280 418 1342 ὅρων
450 1281 607 1341 μεταξυ
643 1282 810 1343 ἄπειροι
843 1301 897 1328 αν
930 1283 1169 1342 ἐιιπίπτοιεν
1204 1280 1314 1341 ὅροι.
1370 1279 1461 1327 ἄλλ’
1493 1280 1720 1327 ἀδύνατον.

303 1347 412 1394 κατὰ
457 1349 533 1407 μὲν
575 1349 724 1396 τοίνυν
764 1349 917 1395 κοινόν
949 1367 988 1395 τι
1021 1347 1229 1409 ὑπάρχειν
1261 1346 1344 1394 οὐκ
1378 1347 1541 1410 ἀνάγκη
1575 1346 1640 1393 άεὶ
1671 1344 1721 1392 τὰ

306 1412 416 1461 αὐτο
450 1415 664 1472 πλείοσιν,
699 1416 865 1475 ἐπείπερ
900 1416 1015 1461 ε’σται
1045 1414 1181 1475 αμεσα
1214 1413 1490 1477 διαστήματα.
1543 1414 1587 1460 ἐν
1618 1413 1719 1473 μέν-

254 1502 288 1529 15
303 1498 370 1528 τοι
403 1485 462 1546 τῷ
488 1479 609 1546 αυτῶ
640 1482 750 1543 γένει
781 1483 853 1527 καὶ
887 1482 932 1528 ἐκ
967 1485 1055 1528 τῶν
1077 1500 1135 1528 av
1127 1480 1221 1527 ’τῶν
1243 1480 1410 1540 άτόμων
1433 1479 1600 1542 α-νάγκη
1617 1477 1723 1536 τούς

305 1527 443 1630 ὅρους
461 1544 590 1601 εἶναι,
622 1550 738 1606 εἴπερ
758 1552 842 1594 τῶν
867 1546 970 1593 καθ’
989 1546 1100 1594 αὑτὸ
1122 1546 1407 1606 ὑπαρχόντων
1428 1547 1542 1592 ε’σται
1555 1545 1607 1591 τὸ
1626 1563 1719 1591 κοι-

303 1613 401 1661 νόν·
437 1611 497 1659 ου’
526 1612 607 1674 γὰρ
632 1607 690 1677 ἦν
719 1612 763 1669 ἐξ
788 1612 926 1661 αλλου
951 1614 1104 1675 γένους
1131 1615 1191 1670 εἰς
1218 1612 1324 1659 ἄλλο
1344 1616 1543 1675 διαβῆναι
1562 1610 1615 1658 τὰ
1633 1614 1722 1658 δει-

303 1679 505 1739 κνύμενα.

408 1745 603 1804 Φανερὸν
644 1747 690 1791 δὲ
732 1746 805 1791 καὶ
846 1743 930 1799 ὅτι,
972 1742 1074 1791 ὅταν
1115 1743 1165 1790 τὸ
1199 1749 1236 1790 Α
1276 1749 1339 1808 τῷ
1372 1748 1410 1790 Β
1441 1742 1638 1803 ὑπάρχῃ,
1687 1742 1726 1788 εἰ

255 1832 290 1859 ω
306 1813 382 1872 μὲν
413 1813 498 1858 ἐστι
525 1830 564 1857 τι
584 1811 740 1871 μέσον,
775 1812 861 1857 ε’στι
881 1809 1060 1866 δεῖξαι
1041 1809 1108 1857 ότι
1127 1808 1178 1856 τὸ
1198 1815 1234 1856 Α
1258 1815 1317 1875 τῷ
1340 1814 1376 1856 Β
1401 1808 1596 1869 ὑπάρχει.
1649 1809 1724 1853 καὶ

307 1884 491 1939 στοιχεῖα
511 1878 675 1925 τούτου
703 1878 788 1924 ἐστὶ
814 1881 951 1924 ταῦτα
971 1879 1043 1922 καὶ
1070 1875 1255 1923 τοσαῦθ’
1276 1857 1360 1922 3603
1381 1877 1490 1935 μέσα
1510 1876 1645 1922 ἐστίν·
1681 1875 1725 1920 αὶ

306 1943 390 2006 γὰρ
425 1944 578 2005 αμεσοι
609 1943 837 2006 προτάσεις
869 1949 1066 2003 στοιχεῖα,
1100 1941 1131 2005 ἢ
1155 1947 1291 1989 πασαι
1312 1941 1344 2005 ἢ
1368 1944 1411 1988 αἱ
1429 1941 1644 1988 καθόλου.
1689 1941 1726 1986 εἰ

307 2012 353 2057 δε
384 2012 443 2073 μή
475 2012 606 2066 ἐστιν,
641 2009 787 2057 ου’κέτι
815 2011 926 2056 ἔστιν
953 2008 1190 2066 απόδειξις,
1226 2008 1317 2055 ἄλλ’
1342 2008 1370 2071 ἡ
1401 2009 1467 2055 ἐπὶ
1496 2006 1573 2063 τὰς
1592 2004 1726 2067 αρχᾶς

310 2075 415 2133 ὁδὸς
445 2074 558 2139 αὕτη
587 2077 711 2122 ἐστίν.
764 2075 922 2134 ὁμοίως
943 2078 988 2122 δὲ
1019 2077 1089 2121 καὶ
1111 2077 1148 2122 εἰ
1175 2074 1226 2122 τὸ
1246 2079 1281 2121 Α
1302 2080 1365 2138 τοῖ
1382 2079 1420 2120 Β
1446 2073 1506 2135 μὴ
1524 2072 1725 2156 ὑπάρχει,

258 2164 292 2191 2⁵
309 2145 347 2189 εἰ
365 2162 441 2202 μεν
466 2144 577 2190 εστιν
594 2140 624 2206 ἢ
644 2143 776 2227 μέσον
795 2139 827 2203 ἢ
848 2141 1091 2206 πρότερον
1074 2160 1108 2186 ω
1132 2139 1215 2201 οὐχ
1237 2140 1442 2201 ὑπάρχει,
1484 2141 1594 2186 εστιν
1611 2137 1725 2185 άπό-

309 2208 450 2266 ὁειξις,
484 2211 521 2256 εἰ
537 2211 582 2256 ὁε
601 2209 672 2272 μή,
704 2207 790 2255 οὐκ
811 2209 936 2265 ἐστιν,
972 2206 1064 2254 ἄλλ’
1085 2205 1209 2270 άρχή,
1243 2209 1315 2253 καὶ
1339 2212 1523 2268 στοιχεῖα
1546 2203 1726 2252 τοσαῦτ’

402 2399 444 2432 36
467 2395 508 2432 τὸ
533 2395 601 2442 γὰρ
627 2398 676 2431 Μ.
709 2418 750 2424 -
785 2411 828 2432 ov
852 2395 892 2432 τό
920 2398 953 2437 d,
984 2398 1055 2429 sort
1078 2408 1118 2440 pr
1145 2397 1184 2437 B,
1209 2391 1304 2430 ου’τω
1330 2397 1378 2429 Μ.
1404 2414 1448 2420 -
1471 2395 1512 2427 37
1538 2392 1729 2428 ἀποδεδει-

313 2441 444 2487 γμένον
466 2454 521 2487 np.
547 2460 589 2466 —
611 2440 723 2483 τοῦτ’]
746 2439 776 2475 τ’
803 2444 851 2475 Μ.
877 2461 920 2468 -
942 2443 986 2478 38
1010 2441 1150 2485 δέχεται
1175 2453 1216 2485 pr
1238 2453 1272 2482 ιι,
1296 2437 1488 2484 ἐνδέχοιντ’
1511 2440 1544 2473 d.
1567 2458 1612 2464 -—
1636 2436 1729 2473 ἰέναι

315 2499 394 2521 corr
404 2485 741 2567 ΒἝδΓκέῗῗέῗτὶα
751 2487 1041 2566 ἦετῗ-ξύισξέζαι
1066 2531 1114 2564 Μ.
1146 2549 1191 2554 -
1222 2531 1244 2564 5
1267 2527 1429 2574 θατέρου
1453 2525 1545 2562 κατὰ
1569 2540 1606 2560 rc
1628 2539 1661 2560 ιι.
1685 2545 1730 2552 -

318 2577 337 2609 6
361 2574 419 2609 ἀεὶ
442 2589 478 2609 rc
501 2589 534 2610 ιι.
559 2597 600 2604 --
625 2578 647 2612 8
670 2572 714 2623 ᾖ.
754 2575 925 2621 ,υπάρχει
948 2589 984 2608 rc
1008 2587 1061 2618 mg
1083 2587 1115 2608 ιι.
1141 2594 1186 2599 —
1217 2575 1377 2628 σχήματι
1396 2572 1498 2607 ΒΜιι.
1524 2591 1566 2599 —-
1601 2571 1667 2615 οὐχ
1688 2564 1728 2617 ᾗ]

317 2619 405 2674 ου’χι
414 2622 453 2653 B·
475 2641 520 2646 --
541 2623 561 2656 9
584 2620 752 2668 ἑκάτερον
776 2634 814 2665 pr
836 2634 868 2655 n.
891 2641 934 2648 —
962 2622 995 2653 11
1011 2621 1073 2654 καὶ
1095 2620 1144 2666 τῷ
1164 2620 1185 2654 δ
1201 2621 1242 2653 D.
1267 2639 1307 2646 —
1330 2615 1476 2654 κάκεῖνο
1502 2630 1556 2650 om
1580 2619 1675 2661 prD.
1685 2634 1730 2641 --

321 2667 362 2698 12
384 2662 500 2709 ὅροι..
512 2665 596 2709 ,uzu
618 2680 656 2700 rc
679 2680 731 2708 mg
753 2678 785 2700 ιι.
808 2685 852 2691 —-
876 2667 917 2700 14
937 2665 1030 2708 μέσα
1053 2667 1111 2707 Rs,
1121 2676 1177 2719 pr
1200 2677 1233 2705 u,
1257 2662 1372 2707 ἅμεσα
1396 2661 1441 2698 τὰ
1468 2665 1531 2696 Dn.
1543 2681 1584 2688 —
1610 2663 1652 2696 16
1665 2660 1730 2694 αὖ-

316 2710 364 2743 τὰ
389 2711 507 2753 BMfu.
534 2730 576 2737 —
603 2713 643 2746 17
665 2711 728 2757 τὰ]
754 2708 847 2746 κατὰ
869 2710 915 2745 τὰ
939 2711 980 2753 Β,
1003 2709 1066 2745 καὶ
1087 2706 1134 2744 τὰ
1156 2721 1189 2744 ιι.
1215 2729 1254 2735 —-
1283 2711 1327 2744 20
1349 2710 1395 2753 τι]
1422 2706 1463 2743 τὸ
1491 2709 1534 2742 D.
1561 2727 1598 2732 -
1623 2707 1668 2739 22
1691 2705 1730 2739 αἱ

320 2766 432 2788 omn.
458 2774 496 2780 -—
524 2756 709 2792 elcorrn.
735 2736 1097 2800 -25ἔστιτιῆιι,
