1800 3112
638 168 990 205 PRAEFATIO.
1510 163 1579 198 vll

56 270 293 332 ligentiam
326 268 562 313 laudantes
600 266 698 309 aliis
731 266 790 308 de
825 265 1059 308 voluntate
1092 264 1248 304 nostra
1275 259 1574 320 persuadere-

58 354 180 391 muS,
227 353 252 380 a
295 337 398 380 viris
446 333 717 379 doctissimis
760 346 853 376 non
898 329 1259 375 animadversum
1296 343 1393 371 esse
1438 327 1576 371 valde

59 406 276 450 dolemus.

194 472 265 515 De
300 470 415 514 libro
451 468 661 512 universo
695 482 787 510 non
821 466 973 509 habeo
1005 463 1129 522 quod
1152 462 1362 506 adiiciam
1382 461 1436 505 iis
1460 478 1576 521 quae

58 541 105 584 in
138 539 381 583 Prooemio
428 537 567 596 partis
604 535 765 594 prioris
804 534 1009 592 exposita
1045 538 1170 575 sunt:
1218 546 1323 573 nam
1358 545 1492 587 quam
1529 530 1576 572 in

61 607 334 666 explicando
376 604 622 648 Aristotele
666 603 887 645 rationem
926 600 1119 660 ingressi
1156 613 1328 652 sumus,
1383 598 1577 640 eandem

61 675 195 719 etiam
242 675 287 716 in
321 673 408 716 hac
443 678 574 731 parte
610 670 959 713 observavimus.
1030 668 1316 724 Quamquam
1358 666 1476 709 enim
1512 665 1578 707 vir

61 742 374 794 doctissimus,
410 740 484 797 qui
521 739 579 782 de
612 745 766 781 nostra
802 752 942 796 opera
976 736 1040 778 ita
1071 730 1451 792 iu‹1icavit'(sserl.
1473 733 1577 776 Lit—

59 809 327 868 terar.—Ztg.
369 806 510 852 1845.
550 821 623 850 n0.
655 804 764 864 49),
800 812 850 848 ut
885 803 1046 846 nostris
1082 803 1249 845 viribus
1286 801 1432 861 magis
1465 815 1578 843 con—

61 877 204 925 fidere
239 877 447 919 videatur
482 889 616 931 quam
652 874 739 932 ipsi
776 872 920 926 nobis,
952 871 1219 913 brevitatem
1245 884 1333 926 qua
1356 869 1422 912 usi
1443 869 1579 912 simus

61 942 490 1003 reprehendendam
525 942 726 1000 putavit,
770 946 923 982 tamen
960 939 1326 996 explanationem
1356 936 1579 995 prolixio-

62 1027 156 1054 rem
192 1011 341 1053 facere
377 1024 468 1051 non
503 1010 597 1051 ausi
635 1022 807 1050 sumus:
854 1021 1073 1063 namque,
1110 1020 1248 1062 quum
1285 1004 1398 1046 nihil
1433 1003 1580 1046 admi-

63 1078 248 1121 serimus
284 1077 408 1133 quod
443 1077 506 1118 ita
542 1075 714 1117 dictum
750 1080 878 1127 esset,
916 1080 965 1115 ut
1000 1072 1207 1115 breviore
1245 1086 1389 1129 eoque
1413 1071 1579 1113 obscu-

61 1144 180 1188 riore
217 1157 421 1186 sermone
457 1142 525 1185 usi
562 1141 943 1184 dissimularemus
978 1139 1102 1197 quod
1137 1154 1228 1182 non
1264 1140 1369 1182 satis
1405 1139 1580 1181 intelli-

61 1226 286 1271 geremus,
322 1210 453 1253 nobis
490 1216 610 1253 certe
646 1209 779 1252 facile
805 1214 899 1251 erat
934 1207 1163 1266 copiosius
1200 1221 1429 1265 exponere
1465 1221 1582 1263 quae

61 1279 240 1322 brevius
277 1277 493 1331 diximus,
539 1277 618 1320 sed
654 1277 808 1327 veriti,
855 1291 936 1329 ne,
984 1276 1020 1317 si
1054 1275 1194 1317 fusius
1231 1274 1579 1332 explanaremus

65 1346 191 1404 quod
226 1346 401 1388 facilius
438 1340 553 1388 esset
587 1344 646 1387 ad
680 1342 1056 1403 intelligendum,
1092 1343 1182 1401 ipsi
1217 1342 1473 1384 videremur
1512 1342 1581 1384 le·-

63 1422 222 1474 gentes
247 1413 504 1467 admonere,
540 1419 590 1455 ut
621 1411 846 1470 quaedam
881 1425 1034 1453 eorum
1069 1425 1184 1468 quae
1209 1409 1468 1468 scripsimus
1490 1423 1583 1452 non

65 1482 185 1524 lecta
220 1481 474 1534 transirent,
511 1495 592 1523 nos
630 1479 938 1530 cohibuimus3
974 1478 1146 1521 scilicet
1182 1492 1362 1536 semper
1397 1477 1444 1519 id
1482 1477 1583 1536 egi-

63 1564 161 1591 mus
195 1555 268 1602 ut,
317 1563 407 1605 quo
455 1547 563 1604 quid
599 1547 829 1589 difficilius
866 1552 986 1588 esset
1022 1551 1067 1587 et
1101 1545 1280 1587 brevius
1316 1544 1488 1587 dictum
1525 1545 1583 1587 ab

64 1615 327 1669 Aristotele,
365 1629 419 1657 eo
457 1614 684 1672 copiosius
713 1620 759 1656 et
794 1612 1040 1656 accuratius
1069 1618 1384 1670 exponeretur,
1421 1627 1584 1668 quam-

67 1697 202 1738 quam
237 1696 328 1724 non
363 1682 439 1733 ita,
475 1687 525 1723 ut
561 1695 638 1722 eos
675 1681 751 1736 qui
775 1680 1071 1722 Aristotelem
1109 1680 1315 1737 legerent
1350 1680 1474 1721 omni
1511 1680 1581 1722 la-

64 1748 176 1791 bore
212 1748 402 1791 liberare
437 1747 680 1799 vellemus,
730 1746 809 1789 sed
856 1747 918 1788 ita
963 1752 1013 1788 ut
1055 1752 1269 1802 quantum
1318 1746 1502 1802 quidem
1537 1747 1584 1790 in

67 1815 197 1858 nobis
234 1820 352 1858 esset
387 1814 439 1856 iis
477 1813 871 1872 suppeditaremus
908 1828 1023 1871 quae
1052 1813 1400 1856 reconditiorem
1437 1829 1584 1871 quan-

69 1881 174 1924 dam
221 1888 266 1925 et
309 1882 524 1924 sermonis
570 1888 615 1924 et
658 1881 891 1924 doctrinae
936 1882 1243 1940 cognitionem
1287 1882 1582 1939 requirerent.

0 1969 2 1971 ·
67 1948 335 2012 Est'autem
371 1949 532 1991 modus
569 1948 750 2005 quidam
787 1948 1009 1991 tenendus
1057 1949 1104 1991 in
1139 1949 1411 2007 exponenda
1446 1965 1584 2009 argu-

68 2017 344 2060 mentatione
379 2015 720 2074 philosophica,
757 2017 832 2072 qui
869 2016 905 2058 si
935 2016 1179 2072 exceditur,
1213 2031 1298 2074 per
1329 2017 1478 2075 ipsam
1504 2032 1584 2060 ex-
1639 2057 1643 2061 .

68 2083 325 2142 plicationis
349 2083 681 2142 longitudinem
709 2099 780 2126 res
807 2083 859 2125 fit
879 2084 1124 2126 obscurior.
1182 2084 1282 2126 Hos
1304 2085 1442 2143 igitur
1468 2084 1583 2128 fines

0 2149 5 2188 ἶ
67 2151 115 2193 in
152 2151 424 2209 explicando
445 2151 693 2194 Aristotele
729 2165 906 2193 servare
942 2151 1206 2204 studuimus,
1242 2151 1366 2207 quod
1394 2152 1428 2194 si
1454 2153 1584 2195 nobis

69 2218 333 2276 contigerit,
380 2218 516 2260 etiam
561 2218 595 2260 si
632 2218 755 2275 quod
789 2219 1096 2277 praestitimus
1131 2219 1303 2262 minore
1339 2219 1475 2262 laude
1511 2219 1585 2262 di-

69 2300 211 2344 gnum
244 2285 302 2327 sit
333 2300 466 2342 quam
493 2300 546 2327 ea
581 2300 715 2342 quam
750 2285 797 2329 in
832 2300 911 2329 nos
938 2287 1226 2329 contulerunt
1248 2286 1325 2344 qui
1354 2286 1411 2329 de
1438 2287 1585 2345 prima

8 2365 9 2368 ’
68 2351 202 2395 huius
239 2353 391 2410 operis
436 2357 568 2410 parte
603 2351 753 2395 adhuc
787 2353 1121 2409 iudicaverunt,
1170 2354 1216 2396 id
1253 2353 1378 2411 quod
1413 2354 1459 2396 in
1494 2354 1585 2403 hoc

27 2462 39 2471 .
70 2433 212 2477 opere
246 2419 530 2462 conficiendo
565 2420 759 2463 maxime
794 2422 1081 2480 propositum
1118 2427 1213 2464 erat
1244 2421 1362 2464 bene
1397 2436 1584 2480 proces-

72 2486 181 2530 sisse
216 2487 344 2530 nobis
379 2486 766 2545 persuadebimus.

160 2617 306 2660 Restat,
338 2622 377 2652 ut
399 2617 597 2651 indicemus
621 2618 749 2662 quibus
771 2618 862 2652 locis
887 2630 908 2653 a
931 2619 1085 2653 lectione
1111 2629 1219 2662 quam
1243 2618 1426 2652 nokkerus
1450 2620 1589 2664 recepit

71 2672 284 2707 recessimus
316 2677 351 2707 et
384 2685 476 2717 quae
508 2674 542 2707 in
569 2675 726 2708 Scholiis
749 2686 771 2708 a
795 2675 985 2709 Brandisio
1010 2675 1170 2717 collectis
1193 2676 1418 2709 emendanda
1441 2688 1588 2711 censea-

71 2739 164 2762 mus.
213 2730 263 2763 Ac
285 2730 322 2763 in
340 2730 531 2764 Aristotele
556 2731 699 2774 quidem
726 2731 804 2775 ipso
829 2732 951 2765 omnia
974 2743 1065 2774 quae
1090 2732 1310 2766 correximus
1334 2732 1391 2765 his
1414 2733 1504 2766 locis
1528 2745 1587 2767 re-

72 2784 275 2828 periuntur:
297 2785 649 2831 71a2o-24et31,
672 2787 812 2830 721132
838 2786 972 2821 731114
983 2792 1017 2822 et
1031 2787 1088 2831 36,
1111 2787 1251 2831 vlam,
1275 2788 1417 2833 75b34‚
1442 2788 1586 2832 761135,

71 2838 220 2883 ¹27le
244 2841 300 2886 20,
323 2841 370 2876 26
384 2842 487 2886 etas,
509 2842 631 2886 ⁷8b2‚
656 2843 799 2888 79a12,
825 2843 905 2877 bl?
922 2847 957 2878 et
973 2844 1030 2886 21,
