1786 3068
283 198 337 236 26
798 199 1199 233 ΑΝΑΛῬΤΙΚΩΝ

284 296 357 340 καὶ
388 298 450 358 τῷ
482 298 518 339 A
548 293 632 339 τινὶ
657 292 886 352 ὑπάρχειν
922 292 999 340 ἐὰν
1031 289 1114 341 οὖν
1120 298 1297 378 ληφθῇ
1327 298 1390 339 τῶ
1418 295 1496 353 μὲν
1516 298 1553 339 Β
1581 296 1707 340 παντὶ

286 359 493 419 ὑπάρχειν
523 358 573 404 τὸ
596 362 645 413 Γ
678 362 742 421 τῷ
772 359 817 403 δὲ
845 363 882 404 Α
911 361 1074 440 μηδενί,
1106 359 1135 441 ἡ
1165 362 1242 420 μὲν
1274 363 1349 405 ΓΒ
1378 358 1550 442 ἀληθὴς
1578 361 1706 415 ἔσται,

284 424 314 488 ἡ
345 426 390 471 δε
421 428 496 470 ΓΑ
524 428 604 479 ψει
603 423 704 483 δης
760 423 952 485 φανερὸν
975 426 1060 471 οὐν
1092 423 1159 472 ότι
1187 427 1258 471 καὶ
1285 425 1540 506 ἀμφοτέρων
1559 423 1707 470 ουσῶν

236 509 269 536 1⁵
284 494 460 546 ψευδῶν
494 491 565 533 καὶ
595 491 672 548 τῆς
705 488 850 547 ἑτέρας
881 490 1016 549 μόνον
1056 492 1169 537 ἔσται
1203 489 1497 551 συλλογισμὸς
1540 489 1706 551 ἀπατη-

283 555 401 610 τικός
421 555 464 599 ἐν
481 559 569 609 τοῖς
592 552 782 634 ἀτόμοις.

204 625 267 667 17
381 619 454 664 Εν
485 620 530 664 δὲ
570 624 660 674 τοῖς
701 616 761 680 μὴ
799 616 970 679 ἀτόιιως
1005 618 1279 680 ὑπάρχουσιν
1310 617 1340 682 ἢ
1380 618 1439 681 μὴ
1480 618 1707 678 ὑπάρχου-

284 698 366 739 σιν,
401 682 505 729 ὅταν
522 684 599 742 μὲν
619 681 691 729 διὰ
717 687 799 730 τοῦ
819 686 983 731 οἰκείου
1002 687 1140 744 μέσου
1171 688 1337 748 γίνηται
1355 690 1437 731 τοῦ
1461 682 1703 740 ψεύδους
1681 702 1706 729 ο

283 748 602 830 συλλογισμός,
649 748 733 809 οὐχ
777 747 875 796 οἶόν
907 769 950 797 τε
995 749 1243 811 ἀμφοτέρας
1284 755 1460 806 ψευδεῖς
1498 748 1605 796 εἶναι
1631 747 1708 805 τὰς

233 813 523 873 ιιοπροτάσεις,
558 811 669 859 ἀλλα
695 813 830 874 μόνον
856 814 938 883 τήν
967 815 1081 875 πρὸς
1105 821 1168 880 τῷ
1200 818 1361 876 μείζονι
1397 834 1529 880 ακρῳ.
1598 816 1708 876 λέγω

281 878 320 925 δ’
357 881 517 925 οἰκεῖον
556 880 691 938 μέσον
727 879 781 926 δι’
818 882 876 926 οὐ
915 882 1073 942 γίνεται
1114 886 1191 943 τῆς
1230 881 1496 942 ἀντιφάσεως
1534 879 1558 926 ὃ
1597 885 1707 927 συλ-

278 944 498 1012 λογισμός.
563 943 790 1005 ὑπαρχέτω
827 944 909 1007 γάρ
946 945 995 992 τὸ
1025 953 1061 992 Α
1087 951 1147 993 τῶ
1180 951 1216 992 Β
1257 945 1328 993 διὰ
1370 947 1511 1006 μέσου
1541 950 1623 992 τοῦ
1654 950 1705 991 Γ

279 1011 367 1056 ἐπεὶ
403 1013 488 1056 οὖν
526 1009 693 1073 ἀνάγκη
730 1009 812 1073 τὴν
842 1015 918 1057 ΓΒ
948 1010 1244 1096 καταφατικὴν
1271 1013 1569 1071 λαμβάνεσθαι
1599 1015 1706 1057 συλ-

278 1080 491 1136 λογισιιοῦ
510 1077 761 1137 γινομένου,
796 1075 980 1138 δῆλον““
963 1075 1028 1124 ότι
1050 1076 1117 1123 ἀεὶ
1146 1095 1260 1139 αυτη
1279 1078 1395 1123 ἔσται
1418 1076 1615 1139 ἀληθης·
1650 1095 1709 1123 ου

229 1139 359 1202 κεγὰρ
392 1140 726 1202 ἀντιστρέφεται.
782 1139 810 1203 ἡ
846 1145 891 1188 δὲ
919 1147 1004 1188 ΑΓ
1029 1142 1224 1204 ψευδής·
1280 1144 1440 1223 ταύτης
1475 1141 1557 1226 γάρ
1592 1141 1705 1187 ἀντι-

279 1207 573 1269 στρεφομένης
597 1208 785 1263 ἐναντίος
805 1209 962 1267 γίνεται
989 1206 1014 1254 ὁ
1033 1208 1338 1269 συλλογισμός.
1387 1207 1548 1266 ὁμοίως
1571 1209 1617 1253 δε
1636 1208 1708 1253 καὶ

279 1274 318 1318 εἰ
351 1272 396 1328 ἐξ
427 1272 562 1335 ἄλλης
595 1274 845 1332 συστοιχίας
877 1275 1071 1335 ληφθείη
1104 1272 1155 1319 τὸ
1188 1274 1341 1333 μέσον,
1387 1271 1481 1318 οἷον
1512 1271 1562 1318 τὸ
1597 1278 1638 1318 A
1672 1274 1710 1318 εἰ

278 1339 350 1384 καὶ
385 1339 428 1384 ἐν
459 1343 519 1401 τῷ
550 1343 583 1384 Α
619 1337 708 1402 ὅλῳ
743 1339 829 1384 ἐστὶ
862 1341 934 1384 καὶ
968 1337 1077 1384 κατά
1105 1343 1189 1384 τοῦ
1210 1343 1247 1384 Β
1275 1343 1569 1400 κατηγορεῖται
1595 1353 1707 1384 παν-

278 1403 375 1460 τός·
422 1403 588 1466 ἀνάγκη
630 1403 713 1465 γὰρ
755 1402 833 1465 τὴν
877 1406 955 1464 μὲν
989 1409 1068 1450 ΔΒ
1110 1403 1319 1464 πρότασιν
1352 1405 1515 1463 μένειν,
1556 1402 1639 1465 τὴν
1670 1402 1708 1449 δ’

227 1487 262 1515 so
280 1469 424 1529 ἑτέραν
455 1469 838 1530 ἀντιστρέφεσθαι,
883 1468 994 1515 ὥσθ’
1025 1469 1054 1532 ἡ
1086 1471 1162 1528 μὲν
1191 1469 1257 1516 ἀεὶ
1287 1469 1480 1532 ἀληθής,
1524 1467 1553 1530 ἡ
1581 1468 1619 1515 δ’
1643 1467 1709 1514 ἀεὶ

278 1534 460 1596 ψευδής.
523 1537 596 1580 καὶ
623 1533 780 1594 σχεδὸν
813 1533 842 1597 ἤ
878 1554 923 1594 γε
955 1535 1138 1597 τοιαύτη
1165 1535 1306 1597 ἀπάτη
1336 1534 1364 1597 ἡ
1399 1533 1511 1596 αὐτή
1542 1535 1627 1580 ἐστι
1655 1538 1709 1594 τῇ

279 1599 350 1646 διά
373 1605 455 1647 τοῦ
474 1601 639 1646 οἰκείου
656 1601 807 1659 μέσου
846 1599 921 1646 ἐὰν
941 1603 987 1647 δε
1007 1620 1066 1663 μη
1086 1600 1253 1647 διατοῦ
1263 1602 1427 1647 οἰκείου
1439 1602 1709 1661 μέσουγίνη-

278 1685 347 1711 ται
375 1665 400 1712 ὁ
434 1665 750 1747 συλλογισμος,
794 1663 897 1712 ὅταν
920 1685 996 1725 μεν
1027 1665 1120 1712 ιπό
1154 1666 1206 1713 τὸ
1239 1671 1276 1712 Α
1307 1659 1336 1726 ᾖ
1367 1665 1416 1712 τὸ
1447 1666 1602 1726 μέσον,
1645 1669 1709 1730 τῷ

278 1733 324 1777 δε
359 1735 396 1777 Β
438 1734 589 1793 μηδενὶ
632 1730 859 1812 ὑπάρχῃ,Ἴ
878 1731 1046 1793 ἀνάγκη
1087 1735 1264 1788 ψευδεῖς
1306 1738 1413 1777 εἰναι
1447 1731 1611 1791 ἀμφοτε
1595 1732 1706 1789 ’ρας.

226 1817 261 1844 35
278 1798 457 1859 ληπτέαι
490 1815 572 1857 γαρ
606 1797 803 1852 ἐναντίως
836 1794 868 1858 η’
902 1816 959 1853 ως
993 1798 1166 1856 ε’χουσιν
1201 1798 1243 1842 αι
1275 1797 1516 1855 προτάσεις,
1550 1798 1587 1843 εἰ
1606 1797 1708 1856 μέλ-

277 1867 340 1909 λει
375 1860 667 1923 συλλογισμὸς
699 1863 897 1907 ἔσεσθαι·
943 1860 1063 1908 οὕτω
1106 1864 1151 1908 δὲ
1195 1862 1529 1922 λαμβανομένων
1563 1861 1709 1922 ἀμφό-

276 1947 394 1988 τεραι
426 1930 613 1990 γίνονται
646 1931 833 1984 ψευδεῖς.
878 1925 971 1974 οἷον
1005 1930 1042 1974 εἰ
1073 1926 1124 1973 τὸ
1159 1929 1236 1987 μὲν
1258 1932 1294 1973 Α
1313 1926 1401 1991 ὅλω
1426 1932 1489 1992 τῷ
1507 1935 1547 1973 A
1564 1926 1708 1987 ὑπάρ-

277 2014 352 2056 χει,
386 1994 437 2040 τὸ
474 1996 519 2040 δε
556 2001 596 2039 A
629 1995 779 2055 μηδενὶ
812 1997 897 2039 τῶν
932 1998 987 2039 Β·
1025 1992 1396 2075 ἀντιστραφέντων
1427 1993 1508 2075 γὰρ
1542 1992 1709 2039 τούτων

277 2059 570 2122 συλλογισιιός
610 2058 646 2104 τ’
694 2060 807 2105 ε’σται
855 2061 927 2104 καὶ
970 2060 1014 2105 αἱ
1057 2059 1286 2118 προτάσεις
1319 2058 1562 2143 ἀμφότεραι
1594 2063 1709 2114 ψευ-

229 2145 263 2171 4ο
281 2131 379 2184 δεῖς.
434 2125 538 2173 ὃταν
571 2126 617 2171 δε
651 2123 710 2187 μὴ
745 2118 774 2184 ᾖ
807 2123 899 2171 ὑπὸ
932 2123 981 2171 τὸ
1015 2129 1052 2171 Α
1083 2124 1135 2171 τὸ
1169 2126 1322 2183 μέσον,
1367 2130 1463 2170 οἱον
1495 2123 1545 2170 τὸ
1580 2131 1645 2180 Δ,
1669 2123 1712 2186 ἡ

170 2218 203 2251 p.
218 2205 260 2238 Sl
279 2211 356 2253 μεν
385 2197 465 2238 AA
497 2188 671 2254 ἀληθης
706 2192 843 2248 ε’σται,
888 2188 917 2253 ἡ
948 2192 994 2237 δε
1018 2195 1098 2236 AB
1128 2190 1310 2252 ψευδης.
1367 2188 1396 2253 ἡ
1425 2209 1502 2250 μεν
1529 2188 1610 2251 γὰρ
1629 2194 1709 2235 ΑΔ

372 2378 411 2409 13
437 2374 495 2420 τὸ]
521 2376 615 2430 τῷη,
631 2393 668 2398 -
695 2373 734 2409 δε
758 2376 830 2407 fort
856 2387 895 2418 pr
920 2387 974 2406 om
993 2377 1027 2416 f.
1050 2394 1095 2400 —
1121 2373 1333 2417 15μόνωςᾱ
1349 2393 1391 2398 -
1419 2376 1459 2408 17
1474 2371 1625 2414 ἀτόμοις
1644 2375 1708 2416 Βᾶ,

280 2423 339 2454 sed
368 2423 397 2454 B
421 2433 498 2453 corr
522 2419 667 2475 ἀτόμως
693 2432 732 2462 pr
757 2431 808 2451 ma
792 2432 867 2451 nu.
894 2438 936 2444 -
962 2417 983 2462 ἢ
1007 2417 1056 2462 μὴ
1081 2417 1309 2462 υποὲρχουσιν
1333 2431 1386 2450 orn
1411 2420 1706 2461 ABMuup‚p1-c.

278 2485 323 2490 -—
350 2467 390 2498 18
413 2463 493 2518 μεν]
518 2463 560 2507 μὲ
547 2478 583 2498 ν
609 2477 674 2498 ουν
699 2464 731 2495 d.
766 2482 809 2486 —
842 2465 884 2517 {3
910 2472 990 2506 post
1014 2463 1079 2506 τὴν
1104 2463 1143 2494 lit
1168 2464 1310 2495 duarum
1335 2464 1391 2494 litt
1408 2465 1441 2504 f.
1469 2482 1507 2487 —
1543 2464 1585 2506 βγ
1613 2464 1705 2506 BCp.

279 2529 319 2535 -—
344 2511 387 2542 24
414 2508 471 2544 αἐὶ
497 2522 551 2542 orn
577 2510 610 2541 d.
637 2527 676 2532 —-
704 2505 800 2540 ἐστὶν
824 2506 917 2547 αὕτη
943 2520 968 2540 c.
995 2527 1035 2532 --
1062 2506 1157 2540 ἐστὶν
1176 2509 1211 2540 C.
1235 2526 1280 2532 --
1303 2509 1346 2540 96
1373 2505 1392 2539 ὁ
1419 2519 1476 2549 pos
1502 2515 1582 2540 ante
1607 2505 1706 2540 ἐναν-

279 2555 436 2631 {15⁰3th
440 2574 537 2630 ‹ae-M.
548 2554 605 2623 2}-
617 2549 874 2649 οὲξῖῗυτῗζρχειν
901 2553 947 2629 ἓξ
970 2553 1019 2620 Ἢ
1043 2564 1091 2628 31²5!-
1109 2564 1216 2639 Ζέλλη
1239 2550 1501 2639 ΟδὲμέειὶλῖὲιυΜρῗ
1516 2563 1660 2629 —o-mssg’
1639 2590 1707 2639 ἆμ-

281 2641 447 2685 φοτέρων
466 2643 506 2674 Β.
531 2659 574 2666 -—
599 2642 642 2674 40
666 2641 734 2674 τοῦ
758 2653 781 2673 α
807 2642 856 2674 vl.

373 2686 454 2719 81³1
485 2685 584 2719 ἐσται
609 2696 663 2718 om
693 2686 728 2717 C.
754 2702 795 2710 —
820 2685 866 2730 βδ
893 2684 958 2724 Cn,
985 2685 1046 2716 sed
1071 2684 1116 2729 δβ
1139 2695 1241 2726 supra
1264 2695 1299 2727 π,
1323 2685 1366 2726 δγ
1386 2695 1424 2727 Ρ.
1449 2702 1490 2707 -
1521 2681 1544 2727 ἡ
1568 2681 1633 2726 μὲν

287 2730 430 2774 ’ψευδής
453 2742 507 2762 om
536 2731 571 2763 C.
596 2748 640 2755 —
662 2726 731 2774 γὰρ
756 2742 811 2763 om
834 2741 866 2762 ιι.
