1780 3132
647 187 940 221 ΤΣΤΕΡΩΝ
967 189 1005 221 Α.
1502 184 1555 224 17

92 303 178 342 ναι,
212 282 273 347 μή
311 287 424 350 ζῷον
454 284 501 330 δὲ
530 282 618 347 μή·
654 283 772 330 ἔσται
794 282 878 345 γὰρ
907 283 1076 348 ἄληθες
1100 284 1235 330 εἰπεῖν
1264 283 1481 340 Καλλίαν,
1516 284 1556 330 εἰ

92 353 167 398 καὶ
197 350 259 414 μὴ
283 352 497 408 Καλλίαν,
533 348 654 411 ὅμως
677 353 804 416 ζῶον,
836 370 896 414 μη
922 355 1036 417 ζῷον
1054 349 1098 397 δ’
1117 347 1189 397 οὔ.
1249 351 1388 397 αἴτιον
1411 349 1451 396 δ’
1483 347 1553 396 ὅτι

91 417 144 466 τὸ
163 423 342 478 πρωτον
371 417 430 465 ού
451 416 592 489 μόνον
614 417 725 463 κατὰ
755 422 841 463 τοῦ
870 419 1015 477 μέσου
1036 419 1203 479 λέγεται
1223 415 1338 463 οἷλλὰ
1359 418 1433 463 καὶ
1457 414 1552 463 κατ’

93 485 236 532 αλλου
261 483 334 531 διὰ
360 483 412 531 τὸ
435 490 544 531 εἰναι
575 485 644 531 ἐπὶ
667 483 898 541 πλειόνων,
934 483 1035 532 ὥστ’
1056 483 1158 532 οὐδ’
1184 485 1223 531 εἰ
1243 482 1294 530 τὸ
1314 484 1451 544 μέσον
1476 485 1603 530 mazzo

93 552 204 599 αὐτό
224 553 314 598 ἐστι
332 549 480 614 καὶμὴ
503 550 630 607 αὐτό,
665 550 778 611 πρὸς
796 551 848 598 τὸ
872 552 1168 612 συμπέρασμα
1188 549 1322 598 οὐδὲν
1337 551 1549 612 διαφέρει.

90 618 141 666 τὸ
170 617 209 665 δ’
241 616 359 665 ἅπαν
388 618 529 680 φάναι
559 615 593 681 ἢ
626 616 855 678 α’ποφάιαι
876 638 904 681 η
927 621 988 675 εἷς
1010 617 1060 665 τὸ
1083 618 1304 665 ἀδύνατον
1328 617 1553 675 ἀπόδειξις

92 686 317 746 λαμβάνει,
353 687 426 732 καὶ
455 704 596 732 ταυτα
630 684 731 731 οὐδ’
766 684 834 732 αἐὶ
865 685 1087 743 καθόλου,
1123 683 1219 731 ἄλλ’
1249 682 1359 731 ὅσον
1382 684 1551 742 ἱκανόν,

91 751 244 799 ἱκανὸν
265 751 304 798 δ’
334 753 401 799 ἐπὶ
435 756 521 799 τοῦ
544 752 715 813 γένους.
770 754 880 814 λέγω
905 751 944 798 δ’
965 753 1033 799 ἐπὶ
1055 756 1139 799 τοῦ
1158 752 1317 814 γένους
1336 749 1432 799 οἷον
1449 753 1552 813 περὶ

91 817 118 867 ὃ
139 820 263 882 γένος
279 817 358 876 τὰς
377 817 618 876 ιῖποδείξεις
637 820 774 880 φέρει,
810 817 959 879 ὥσπερ
980 821 1145 883 εἴρηται
1166 820 1240 865 καὶ
1261 818 1495 881 πρότερον.
1565 840 1602 869 25

189 885 555 933 Ἐπικοινωνοῦσι
584 887 629 932 δε
663 891 802 932 πᾶσαι
842 887 886 932 αἱ
919 887 1150 950 ἐπιστῆμαι
1191 885 1404 949 ἀλλήλαις
1440 883 1553 933 κατὰ

89 952 142 1000 τὰ
177 952 318 999 κοινά.
379 951 508 999 κοινὰ
539 954 586 999 δὲ
620 954 731 1021 λέγω
759 950 825 1011 οἷς
854 958 1043 1015 χρῶνται
1078 952 1143 1011 ὦς
1164 953 1210 1000 ἐκ
1239 954 1410 1000 τούτων
1438 952 1552 1000 ἄπο-

90 1021 348 1078 δεικνύντες,
384 1018 476 1066 αλλ’
497 1018 556 1066 ού
577 1022 674 1080 περὶ
690 1022 751 1067 ὠν
770 1020 1062 1068 δεικνύουσιν
1084 1019 1186 1068 οὐδ’
1208 1018 1234 1067 ὃ
1251 1020 1550 1067 δεικνύουσιν.

88 1089 162 1134 καὶ
187 1085 213 1150 ἡ
240 1085 488 1150 διαλεκτική
521 1086 699 1144 πάσαις.
758 1089 831 1133 καὶ
861 1089 992 1144 εἴτις
1013 1087 1227 1134 καθόλου
1247 1092 1444 1168 πειρῷτο,
1459 1090 1551 1133 δει-

88 1154 246 1200 κνύναι
278 1173 332 1200 τα
361 1154 503 1209 κοινά,
537 1159 633 1200 οἱον
662 1151 732 1200 ὅτι
763 1151 883 1200 α’παν
913 1154 1052 1214 φάναι
1081 1151 1112 1216 ἢ
1142 1134 1388 1214 ἀποφάναι,
1423 1150 1454 1213 ἢ
1482 1151 1602 1200 οτιεο

89 1223 164 1267 ι’σα
177 1219 265 1267 ἀπὸ
288 1223 410 1277 ἴσων,
431 1217 464 1283 ἡ
486 1219 802 1267 τῶντοιούτων
814 1219 931 1266 ἅττα.
968 1239 997 1283 η
989 1219 1058 1267 δε
1072 1218 1321 1283 διαλεκτικὴ
1332 1219 1421 1267 οὐκ
1436 1221 1551 1267 ε’στιν

89 1285 232 1345 οὕτως
240 1286 490 1348 ὡρισμένων
497 1292 641 1343 τινοῖν,
655 1286 762 1334 οὐδὲ
774 1288 930 1349 γένους
939 1306 977 1333 τι
983 1286 1059 1345 νὸς
1069 1287 1181 1345 ἑνός.
1196 1285 1256 1335 ού
1267 1286 1352 1348 γὰρ
1362 1284 1417 1334 ἂν
1428 1286 1551 1351 ἥρω’-

86 1373 152 1401 τα·
167 1353 488 1401 ἀποδεικνύντα
498 1353 582 1416 γὰρ
594 1353 682 1401 ούκ
696 1355 811 1401 ἔστιν
825 1356 989 1416 ἐρωτᾶν
999 1353 1071 1401 διὰ
1084 1353 1133 1402 τὸ
1147 1360 1235 1402 τῶν
1247 1353 1552 1415 ἄντικειμένων

87 1421 225 1469 ὄντων
248 1421 308 1485 μὴ
335 1423 598 1469 δείκνυσθαι
624 1420 674 1469 τὸ
700 1420 825 1469 αὐτό.
895 1423 1107 1469 δέδεικται
1134 1423 1181 1469 δὲ
1210 1426 1348 1469 τοῦτο
1379 1423 1425 1469 ἐν
1459 1428 1551 1480 τοῖς

86 1491 185 1549 περὶ
206 1493 522 1550 συλλογισμοῦ.
1564 1494 1602 1523 35

186 1558 247 1602 Εἰ
276 1558 322 1603 δὲ
354 1555 404 1602 τὸ
434 1555 548 1603 αυτό
578 1557 692 1603 ἐστιν
724 1556 926 1620 ἐρώτημα
963 1554 1302 1618 συλλογιστικὸν
1336 1557 1410 1602 καὶ
1437 1555 1551 1616 πρό·
1571 1552 1635 1598 12

85 1635 209 1680 τασις
240 1622 533 1684 ἆντιφασεως,
577 1622 811 1683 προτάσεις
850 1625 896 1670 δε
935 1622 1040 1670 καθ’
1079 1623 1268 1686 εκάστην
1308 1622 1552 1686 ἐπιστήμην

87 1688 133 1744 ἐξ
162 1691 224 1737 ὠν
257 1689 282 1737 6
315 1689 611 1758 συλλογισμὸς
645 1689 671 1737 6
701 1689 808 1736 καθ’
839 1691 1048 1753 εκάστην,
1093 1692 1160 1753 εἴη
1188 1689 1243 1737 ἄν
1276 1709 1316 1736 τι
1352 1690 1552 1754 ἐρώτημα

86 1757 438 1820 ἐπιστηιιονικόν,
478 1756 525 1840 ἐξ
540 1760 601 1804 ὠν
630 1756 656 1803 6
675 1756 782 1803 καθ’
810 1757 995 1820 ἑκάστην
1017 1759 1178 1815 οἰκεῖος
1198 1758 1358 1819 γίνεται
1384 1761 1551 1804 συλλο-

85 1824 255 1885 γισμος.
324 1828 461 1889 δηλον
493 1823 579 1886 ἄρα
610 1822 681 1870 ὅτι
713 1822 771 1870 ού
797 1829 888 1871 πᾶν
926 1823 1127 1887 ἐρώτημα
1173 1822 1462 1886 γεωμετρικὸν
1496 1821 1603 1871 6v40

86 1893 153 1960 ειή
180 1891 280 1940 ουδ’
307 1892 517 1951 ἰατρικόν,
564 1890 738 1959 ὁμοίοις
758 1893 804 1938 δὲ
838 1893 913 1938 καὶ
942 1892 1011 1938 ἐπὶ
1044 1896 1131 1939 τῶν
1164 1890 1333 1975 αλλωνἋ·
1379 1890 1476 1938 αλλ’
1507 1890 1554 1948 ἐξ

87 1961 152 2005 ὠν
179 1957 213 2022 ἢ
247 1960 470 2006 δείκνυταί
500 1978 541 2006 τι
573 1961 672 2020 περὶ
702 1960 764 2005 ὠν
795 1957 824 2022 ἡ
849 1960 1084 2022 γεωιιετριά
1113 1960 1326 2023 ἐστίν,η
1321 1957 1416 2005 ἐκ
1461 1963 1587 2006 τῶνι)

87 2024 236 2074 αὐτῶν
262 2028 482 2074 δείκνυται
510 2031 564 2087 τῇ
592 2028 840 2091 γεωμετρία,
876 2024 1024 2087 ωσπερ
1052 2024 1105 2072 τὰ
1135 1979 1326 2073 ὄιιττικιιῗ.η
1386 2024 1550 2086 ὁμοίως

86 2094 134 2140 δε
160 2095 233 2140 καὶ
257 2095 326 2141 ἐπὶ
355 2113 446 2141 των
469 2092 626 2141 αλλων.
681 2096 755 2140 καὶ
776 2095 874 2152 περὶ
894 2113 972 2154 ιιεν
989 2093 1159 2141 τούτων
1181 2095 1254 2140 καὶ
1276 2092 1413 2155 λόγον
1434 2092 1553 2155 ὑφε-

85 2161 212 2209 κτέον
260 2162 306 2208 ἐκ
351 2166 439 2209 τῶν
486 2165 787 2245 γεωμετρικῶν
838 2160 984 2223 ἀρχῶν
1032 2162 1106 2208 καὶ
1158 2160 1588 2245 συμπερασμάτων,5

86 2229 185 2288 περὶ
221 2230 268 2275 δε
302 2248 392 2276 των
433 2227 579 2290 ἅρχων
606 2228 743 2291 λόγον
792 2227 880 2290 οὐχ
917 2227 1139 2291 ὑφεκτέον
1173 2247 1234 2275 τω
1265 2229 1483 2292 γεωμέτρῃ
1521 2230 1551 2290 ἡ

182 2375 222 2408 17
245 2373 297 2418 μή
325 2382 361 2407 et
383 2373 453 2420 γὰρ
478 2388 557 2409 corr
580 2389 614 2410 ιι.
626 2397 670 2401 -
695 2377 742 2421 εἰ]
769 2374 794 2422 ἢ
818 2378 953 2430 σοι-ΕΒ.
964 2395 1009 2402 -
1033 2376 1107 2411 εἰ..
1117 2375 1306 2411 .Καλλιάν
1330 2389 1367 2409 rc
1391 2388 1494 2419 mgn.
1510 2397 1553 2403 —

90 2421 132 2454 18
154 2419 292 2463 ὁμοίως
319 2420 382 2453 Bd.
409 2439 453 2446 -
481 2422 521 2454 19
545 2422 608 2457 καὶ
634 2435 687 2455 om
711 2436 804 2467 p.—
827 2418 981 2457 κατ’
1009 2419 1104 2456 εἶναι
1119 2433 1221 2455 omn.
1232 2441 1279 2448 —
1302 2424 1346 2455 20
1372 2402 1553 2456 ἅλλωνΜ.

86 2484 132 2491 -
164 2467 208 2500 Ξδ
235 2464 322 2501 οὐδε
349 2465 422 2500 αἰεὶ
446 2468 580 2511 ApuM,
615 2467 724 2503 ου’δεν
758 2469 817 2503 δεῖ
837 2481 871 2501 ιι.
904 2486 950 2493 -
979 2468 1023 2500 24
1058 2466 1149 2511 λέγω
1182 2465 1216 2501 δ’
1240 2466 1302 2501 ἐπὶ
1333 2468 1402 2502 τοῦ
1425 2466 1554 2522 γένους

90 2523 144 2544 om
173 2512 211 2546 C.
239 2531 279 2536 —
313 2513 357 2546 25
383 2512 543 2558 εἰσφέρει
572 2515 622 2547 Μ.
651 2534 689 2538 -
723 2514 766 2547 27
795 2513 841 2548 τὰ
865 2511 973 2548 κοινά
1006 2525 1064 2566 ρι
1077 2525 1133 2545 om
1158 2525 1192 2547 ιι.
1222 2533 1267 2538 -
1303 2509 1555 2548 ἀποδεικνύν-

92 2568 179 2596 τες,
203 2553 302 2610 οἶλΗΓ.
328 2569 407 2589 corr
431 2570 464 2590 π.
488 2578 534 2583 -
557 2560 602 2593 28
629 2572 682 2593 ων
706 2571 786 2592 corr
811 2572 844 2593 ιι.
871 2579 914 2584 -
948 2555 1030 2593 οὐδ’
1053 2553 1074 2593 ὃ
1108 2557 1347 2592 δεικνύουσιν
1376 2571 1414 2592 rc
1439 2571 1496 2603 mg
1518 2571 1553 2592 ιι.

87 2619 132 2680 ἐξ
163 2603 203 2636 31
243 2598 338 2636 ἅττα
370 2603 515 2636 ABGM.
551 2624 590 2630 -
641 2607 686 2638 32
718 2603 802 2645 ἑνός
835 2616 891 2637 om
923 2616 957 2638 ιι.
991 2624 1034 2629 -
1078 2605 1122 2638 37
1154 2602 1334 2649 πρότασις
1368 2617 1410 2648 pr
1440 2617 1479 2638 ιι
1508 2623 1556 2629 —-

157 2642 176 2680 ὁ
203 2659 256 2679 om
282 2660 316 2680 ss·

178 2691 267 2726 ‘abl
296 2705 383 2737 Ριη
367 2688 523 2727 ”ὀιιιιι.
549 2712 593 2719 -
627 2691 651 2739 ἢ
686 2708 710 2728 α
743 2693 968 2739 ἐκιι,ρι·0,
1005 2692 1182 2737 ἢκαὶέκ
1214 2694 1261 2727 Μ.
1287 2713 1332 2718 ——
1353 2691 1555 2748 26267189]

89 2736 187 2771 ἐστιν
210 2735 332 2793 ὥσπερ
357 2749 392 2771 ιι.
421 2759 459 2764 -
510 2740 530 2773 4
556 2738 611 2784 ἐκ]
639 2742 692 2786 τῷ
710 2741 896 2786 γεωμέτρῃ
922 2739 962 2775 ἐκ
992 2741 1039 2774 M.
1065 2759 1111 2764 —-
1152 2738 1216 2773 καὶ
1317 2739 1370 2787 τῷ
1394 2752 1431 2773 rc
1449 2742 1484 2783 f.
1512 2759 1551 2766 —

88 2781 244 2818 ἕκαστον
267 2781 334 2819 τὸν
359 2781 587 2829 ἐπιστήμονα
610 2797 644 2830 ιι,
673 2799 728 2820 om
754 2799 795 2832 pr
823 2788 861 2821 C.
885 2805 930 2811 —
954 2784 1112 2821 εκαστον
1137 2796 1193 2818 om
1219 2785 1254 2818 d.

133 2845 179 2883 11.
1256 2845 1283 2879 2
