1878 3060
312 223 391 261 468
961 219 1146 263 Topica.

313 320 389 358 118
403 321 462 357 116
496 317 547 357 τὰ
586 316 631 356 ἐκ
666 311 911 366 περιουσίας
946 327 1051 365 quae
1079 315 1160 353 sint
1187 317 1230 353 et
1256 313 1438 364 exemplo
1466 314 1624 352 adiecto
1653 318 1695 352 et
1721 314 1787 352 di-

364 382 483 420 sertis
522 379 657 419 verbis
684 391 740 417 vs.
773 379 822 415 12
858 376 1064 427 patefecit.
1118 376 1313 416 Similiter
1351 378 1438 424 τοῖς
1479 378 1684 427 περιττοῖς
1718 376 1790 426 (de

366 445 507 494 quibus
534 456 569 480 v.
598 442 718 479 Biese
743 440 792 487 ΙΙ,
816 442 906 488 556,
936 440 1030 486 „die
1056 440 1239 478 hiiheren
1267 440 1465 490 geistigen
1482 440 1791 489 Bestrebungen

365 508 439 544 der
453 506 582 542 Kunst
600 516 638 542 u.
668 500 1007 552 wissenschaft”)
1034 506 1291 552 opponuntur
1310 504 1509 541 1337a42
1535 500 1585 540 τὰ
1612 501 1792 553 χρήσιμα

363 568 470 617 πρὸς
497 564 572 605 τὸν
592 565 689 616 βίον
721 569 762 603 et
785 563 837 604 τὰ
859 563 1052 603 τείνοντα
1073 563 1179 615 πρὸς
1208 564 1371 616 α’ρετήν.
1426 567 1576 603 983b2
1604 563 1638 603 εἰ
1658 561 1710 614 δὴ
1729 561 1792 602 λε’-

363 628 490 681 γουσί
515 642 554 668 τι
582 627 626 668 οῖ
649 626 818 678 ποιηταὶ
845 625 916 666 καὶ
943 625 1104 678 πέφυκε
1131 628 1313 677 φθονεῖν
1340 626 1386 666 τὸ
1420 629 1564 677 θεῖον,
1603 625 1670 666 ἐπὶ
1696 626 1792 665 τού-

363 706 441 732 του
477 689 564 736 (ἐπὶ
602 693 676 743 τῆς
714 690 890 741 μάλιστα
917 689 987 730 καὶ
1014 691 1113 730 καθ’
1142 689 1245 730 αὐτὸ
1273 689 1514 743 ἐπιστήμης)
1545 688 1793 742 συμβαίνειν

364 755 540 806 μάλιστα
577 753 686 801 εἰκὸς
720 752 790 794 καὶ
828 753 1047 806 δυστυχεῖς
1086 749 1193 793 εἶναι
1232 753 1392 800 πάντας
1426 749 1526 800 τοὺς
1562 751 1792 804 περιττούς.

365 819 427 857 cf.
466 819 641 856 4801)·ὶῖ
680 818 767 857 τῶν
804 829 848 856 τε
885 816 966 868 γὰρ
1008 816 1164 867 ἰατρῶν
1199 816 1293 857 ὅσοι
1330 815 1488 868 κομψοὶ
1514 815 1541 869 ἢ
1569 815 1792 867 περίεργοι,

363 879 535 932 λέγουσί
560 894 600 920 τι
627 879 720 930 περὶ
748 879 916 930 φύσεως
951 879 1020 920 καὶ
1053 878 1127 927 τὰς
1154 879 1283 932 ἀρχὰς
1312 879 1474 921 ἐκεῖθεν
1501 880 1664 928 ἀξιοῦσι
1690 881 1792 929 λαμ-

363 943 522 996 βάνειν.
578 944 637 982 De
666 944 766 982 coel.
793 945 969 983 290b14
996 942 1044 983 τὸ
1073 943 1206 994 φάναι
1234 943 1426 994 γίνεσθαι
1450 942 1699 994 φερομένων
1722 940 1793 992 α”ρ-

364 1007 540 1059 μονίαν.
557 1035 587 1044 ..
618 1007 792 1057 κομψῶς
817 1005 894 1056 μὲν
922 1005 1083 1058 εἴρηται
1109 1005 1190 1046 καί
1206 1009 1406 1057 περιττῶς
1433 1005 1516 1046 ὑπὸ
1543 1007 1628 1046 τῶν
1656 1004 1793 1045 εἶπόν-

364 1084 471 1119 των,
509 1068 562 1109 οὐ
597 1068 682 1121 μὴν
720 1069 856 1117 οὕτως
893 1069 972 1121 ἔχει
998 1069 1187 1122 τάληθές.
1244 1071 1469 1121 Opponitur
1495 1074 1552 1121 τῷ
1579 1067 1795 1120 ἀναγκαίῳ

363 1133 411 1173 τὸ
438 1131 630 1182 περιττὸν
658 1135 827 1172 531a9:
853 1131 905 1172 τὰ
933 1132 978 1172 δὲ
1005 1133 1247 1184 καλούμενα
1273 1133 1416 1185 τήθυα
1436 1133 1600 1173 τούτων
1626 1133 1796 1172 πάντων

364 1193 443 1248 ἔχει
469 1193 546 1247 τὴν
584 1195 715 1246 φύσιν
741 1196 1049 1248 περιττοτάτην.
1104 1196 1334 1248 κέκρυπται
1369 1195 1450 1247 γὰρ
1480 1196 1622 1236 αὐτῶν
1649 1194 1794 1247 μόνων

363 1259 411 1299 τὸ
441 1260 559 1310 σῶμα
599 1256 644 1298 ἐν
682 1259 740 1313 τῷ
768 1258 957 1311 ὀστράκῳ
985 1263 1082 1299 πᾶν.
1137 1260 1282 1311 Neque
1310 1262 1359 1298 ab
1387 1260 1465 1298 hac
1493 1260 1603 1298 vocis
1631 1258 1792 1310 signifi·
1864 1256 1867 1259 '

366 1323 523 1361 catione
551 1322 728 1360 alienum
757 1327 819 1360 est
848 1323 955 1372 quod
981 1323 1157 1360 habetur
1184 1324 1337 1361 622b6
1365 1318 1450 1361 ἔστι
1476 1320 1520 1362 δὲ
1546 1321 1615 1361 καὶ
1644 1319 1668 1361 ὁ
1696 1334 1795 1360 ναυ-

363 1383 477 1431 τίλος
503 1384 723 1431 πολύπους
748 1388 800 1436 τῇ
826 1397 869 1424 τε
897 1384 1022 1434 φύσει
1048 1382 1118 1424 καὶ
1147 1378 1210 1431 οἷς
1236 1387 1350 1424 ποιεῖ
1372 1385 1572 1436 περιττός.
1619 1385 1795 1423 5:32b18

365 1444 451 1487 ἔστι
479 1446 513 1487 δ’
543 1445 634 1487 ἔνια
661 1448 744 1498 ζῷα
771 1445 940 1497 περιττὰ
967 1445 1036 1487 καὶ
1066 1444 1113 1486 ἐν
1138 1451 1190 1498 τῇ
1217 1447 1425 1500 θαλάττῃ,
1468 1449 1495 1487 ἃ
1522 1446 1592 1488 διὰ
1619 1445 1666 1486 τὸ
1694 1445 1796 1491 σπά-

365 1524 437 1550 νια
464 1505 573 1550 εἶναι
601 1509 681 1550 οὐκ
709 1509 794 1550 ἔστι
819 1512 962 1550 θεῖναι
989 1509 1046 1557 εἰς
1073 1508 1207 1561 γένος.

424 1616 523 1669 Gap.
550 1617 587 1656 3.
633 1615 805 1654 Deinde
823 1615 1147 1668 praeferendum
1169 1620 1229 1654 est
1251 1615 1359 1668 quod
1373 1613 1614 1667 praeditum
1636 1619 1694 1652 est
1710 1626 1796 1652 ma-

314 1682 442 1727 xima,
472 1692 579 1732 quae
599 1677 734 1716 eidem
753 1679 909 1730 speciei
929 1679 1103 1731 propria
1126 1683 1207 1726 est,
1235 1679 1415 1726 virtute,
1445 1680 1494 1715 29
1524 1676 1632 1730 quod
1653 1676 1798 1715 bonum

314 1742 455 1782 reddit
483 1741 527 1780 id
551 1754 642 1779 cum
661 1754 740 1793 qao
763 1742 1024 1780 coniunctum
1051 1746 1122 1779 est.
1168 1743 1219 1779 34
1246 1740 1411 1779 Deinde
1435 1753 1488 1779 ea·
1513 1741 1595 1778 alio
1621 1752 1719 1778 casu
1734 1740 1800 1778 vel

316 1818 367 1844 ex
398 1807 547 1857 effectu
575 1803 628 1841 de
646 1805 912 1855 praestantia
933 1802 1202 1842 iudicandum
1226 1808 1300 1851 est,
1328 1805 1353 1842 b
1369 1806 1387 1840 1
1420 1817 1442 1841 e
1463 1803 1640 1850 diversa,
1677 1815 1800 1855 quam

317 1868 372 1907 ad
393 1866 510 1906 aliud
525 1871 744 1917 utramque
768 1866 914 1913 habet,
946 1867 1121 1904 ratione.
1163 1867 1190 1902 4
1218 1865 1384 1904 Deinde
1403 1870 1593 1918 praestat
1618 1865 1663 1903 id
1684 1866 1799 1903 cuius

318 1942 507 1970 eoecessus
531 1930 775 1980 praefertur
810 1933 850 1966 et
875 1927 983 1979 quod
1009 1927 1123 1965 nobis
1154 1928 1253 1979 ipsis
1275 1941 1398 1980 qaam
1430 1929 1506 1966 alii
1535 1924 1685 1966 debere
1710 1940 1797 1966 ma-

317 1994 464 2032 lumus.
500 1993 545 2028 10
572 1990 738 2028 Deinde
762 2003 814 2028 ea·
838 1989 1070 2028 adiectione
1092 1994 1132 2027 et
1154 1989 1413 2028 detractione
1434 1990 1704 2028 iudicandum
1728 1995 1799 2028 est.

316 2058 369 2095 20
396 2055 591 2093 Praestat
613 2052 721 2105 quod
743 2066 820 2104 per
853 2066 898 2091 se
931 2053 1099 2103 eligitur
1136 2053 1176 2090 ei
1205 2052 1313 2105 quod
1342 2053 1630 2091 ostentationis
1662 2065 1800 2091 causa.

318 2119 369 2156 27
408 2116 575 2156 Deinde
603 2114 825 2154 videndum
862 2120 923 2153 est
958 2127 1055 2153 num
1084 2115 1271 2166 pluribus
1305 2114 1434 2153 modis
1467 2114 1670 2153 conducat
1696 2115 1803 2167 quod

321 2179 555 2232 eligendum
582 2178 748 2217 dicatur
789 2184 830 2216 et
856 2182 1028 2230 propter
1058 2177 1158 2229 quid
1197 2178 1388 2229 eligatur.
1450 2179 1499 2215 3⁶1
1539 2177 1727 2229 Denique
1758 2177 1804 2216 id

320 2242 429 2296 quod
461 2242 675 2294 appetitur
694 2245 883 2291 praestat
911 2241 951 2278 ei
969 2239 1076 2292 quod
1096 2253 1227 2292 aeque
1247 2241 1459 2292 appetitur
1483 2241 1724 2291 aufugitur.

322 2327 496 2364 118a35
522 2321 594 2364 καὶ
619 2326 752 2364 ταῦτα
780 2322 825 2363 δὲ
850 2322 922 2363 ἀπ’
950 2319 1133 2362 ἐκείνων.
1181 2324 1313 2373 Quum
1340 2324 1460 2363 aliam
1486 2336 1574 2361 rem
1603 2322 1672 2361 alii
1688 2335 1803 2372 prae-

374 2392 487 2427 stare
515 2387 678 2435 dixerit,
706 2387 741 2425 si
765 2387 875 2424 idem
901 2387 1068 2425 verbum
1097 2386 1176 2424 alio
1206 2399 1300 2425 casu
1327 2387 1502 2436 positum
1531 2385 1649 2423 alteri
1676 2397 1802 2434 prae-

375 2453 472 2497 stet,
500 2448 566 2487 vel
593 2449 628 2487 si
654 2461 752 2487 usus
780 2450 871 2486 usui
896 2449 962 2487 vel
989 2448 1159 2488 effectus
1188 2449 1376 2496 effectui,
1407 2449 1527 2486 etiam
1555 2448 1642 2485 vice
1669 2459 1804 2494 versa,

378 2512 449 2560 ait,
475 2510 510 2549 si
534 2510 611 2548 alia
638 2524 704 2549 res
733 2511 799 2549 alii
823 2515 1020 2561 praestet,
1047 2523 1184 2550 casum
1212 2511 1323 2549 casui
1352 2514 1394 2549 et
1421 2509 1612 2548 effectum
1640 2509 1806 2548 effectui

381 2577 423 2612 et
448 2586 567 2612 usum
593 2575 685 2613 usui
710 2577 920 2624 praestare
947 2575 1218 2624 consequitur.

329 2637 476 2676 118b2
502 2633 528 2686 ἢ
558 2634 684 2682 εἰ...,
720 2637 760 2674 h.
791 2650 826 2675 e.
861 2635 888 2688 ἢ
925 2635 961 2675 εἰ
996 2635 1178 2687 θάτερον
1204 2635 1346 2688 μεῖζόν
1373 2632 1486 2675 ἐστιν
1513 2633 1681 2685 ἀγαθὸν
1706 2631 1804 2672 τού-

380 2712 458 2739 του
486 2698 509 2738 ὃ
538 2699 680 2749 μεῖζόν
707 2696 791 2739 ἐστι
817 2697 1019 2750 θατέρου,
1050 2700 1156 2751 quod
1181 2713 1229 2739 re
1254 2700 1364 2738 idem
1393 2702 1457 2738 est
1483 2702 1605 2749 atque
1632 2697 1675 2735 id
1698 2696 1804 2747 quod

383 2762 503 2801 modo
530 2763 629 2801 dixit
654 2777 710 2804 vs.
739 2764 775 2811 l,
806 2776 1043 2813 quamquam
1073 2762 1204 2802 verbis
1232 2762 1383 2801 differt.
