1812 3068
277 228 357 269 168
836 232 907 267 To
919 233 1117 268 ΠῙΚΩΝ
1145 235 1188 268 Ε.

228 341 262 370 15
278 331 351 375 603
368 328 446 388 μὲν
462 326 614 383 κακόν,
650 327 806 409 αἱρετῷ
827 329 873 375 δὲ
894 329 1104 388 φευκτόν,
1129 330 1217 377 ἔστι
1237 330 1283 376 δὲ
1300 334 1386 377 τοῦ
1406 329 1584 392 ἀγαθοῦ
1601 333 1715 379 ιδιον

275 375 330 440 ⁴156
356 393 536 454 αἱρετόν,
571 395 636 452 εἴη
653 411 708 439 αν
724 399 869 440 κακοῦ
889 396 1004 442 ἴδιον
1023 395 1074 443 τὸ
1097 396 1305 456 φευκτόν.

376 460 592 517 Δεύτερον
620 457 659 504 6'
691 459 737 505 ἐκ
765 464 852 506 τῶν
879 460 991 522 πρός
1022 480 1064 508 τι
1095 461 1448 519 οἷνασκευάζοντα
1478 462 1558 522 μὲν
1597 463 1634 508 εἰ
1660 460 1712 508 τὸ

275 524 386 585 πρός
413 541 454 570 τι
483 528 567 570 τοῦ
595 523 706 583 πρός
735 543 775 572 τι
804 526 865 588 μή
892 527 1006 574 ἐστιν
1035 530 1175 586 ἴδιον,
1219 528 1324 575 οὐδὲ
1345 527 1396 574 τὸ
1432 528 1547 588 πρός
1572 546 1611 574 τι
1630 532 1716 575 τοῦ

275 591 387 648 πρός
418 607 460 635 τι
493 590 614 636 ἕσται
643 592 767 637 ἴδιον.
813 590 908 639 οἷον
940 594 1030 640 ἐπεὶ
1062 595 1223 656 λέγεται
1248 594 1479 641 διπλασιον
1504 595 1581 654 μὲν
1602 592 1716 654 πρὸς

225 670 261 697 2⁰
277 654 439 718 ἤιιισυ,
472 653 688 716 ὑπερέχον
707 659 753 703 δὲ
771 657 881 716 πρὸς
902 658 1243 720 ὑπερεχόμενον,
1280 659 1364 707 οὐκ
1383 662 1470 707 ἔστι
1488 662 1533 706 δὲ
1553 678 1634 707 του
1616 664 1715 706 δι-

274 722 468 767 πλασίου
486 720 539 767 τὸ
560 720 772 784 ὑπερέχον
791 727 917 780 ἴδιον,
947 724 1033 772 οὐκ
1052 745 1106 772 αν
1121 729 1185 790 εἴη
1205 731 1290 773 τοῦ
1310 725 1486 789 ἡμίσεος
1502 724 1554 773 τὸ
1570 724 1715 809 υπερ-

272 787 478 847 εχόμενον
497 789 620 835 ιὸιον.
671 791 1048 849 κατασκευάζοντα
1077 794 1123 839 δὲ
1155 795 1191 839 εἰ
1226 797 1310 839 τοῦ
1332 793 1444 852 πρός
1465 811 1504 838 τι
1531 791 1583 839 τὸ
1604 791 1715 851 πρός

271 855 314 899 τί
331 854 444 900 ἐστιν
463 855 596 900 ιδιον·
642 857 716 902 καὶ
746 855 828 918 γὰρ
856 862 939 904 τοῦ
969 858 1080 918 πρός
1108 876 1150 904 τι
1177 857 1228 904 τὸ
1249 858 1361 918 πρός
1384 877 1424 905 τι
1447 859 1561 904 ἔσται
1587 859 1712 904 ἴδιον.

272 917 368 966 οἷον
409 920 496 966 ἐπεὶ
535 920 700 981 λέγεται
742 921 794 968 τὸ
830 942 909 982 μεν
936 923 1166 970 διπλάσιον
1194 923 1305 984 πρὸς
1334 922 1384 970 τὸ
1413 922 1552 986 ἥμισυ
1585 922 1636 970 τὸ
1666 925 1714 970 δὲ

223 1002 259 1030 2⁵
268 986 316 1032 ὲν
324 983 546 1045 πρόςδύο,
557 985 610 1032 τὰ
623 988 669 1033 δὲ
680 986 766 1034 δύο
778 987 889 1070 πρὸς
899 989 958 1044 ἕν,
978 990 1063 1035 ἔστι
1073 991 1118 1036 δὲ
1128 1007 1210 1035 του
1194 991 1458 1036 διπλασίου
1470 992 1582 1035 ἴδιον
1591 987 1642 1035 τὸ
1653 988 1714 1046 ὥς

273 1051 358 1099 δύο
374 1050 486 1111 πρὸς
505 1052 562 1109 ἕν,
597 1054 663 1115 εἴη
683 1071 736 1098 αν
754 1059 839 1100 τοῦ
858 1053 1036 1117 ἡιιίσεος
1055 1058 1170 1101 ἴδιον
1188 1054 1239 1101 τὸ
1261 1075 1319 1112 ως
1334 1056 1383 1102 ὲν
1400 1053 1510 1137 πρὸς
1529 1054 1627 1101 δύο.

378 1119 536 1177 Τρίτον
570 1116 923 1177 ανασκευάζοντα
956 1122 1034 1179 μὲν
1075 1122 1113 1167 εἰ
1143 1125 1221 1184 τῆς
1254 1120 1375 1178 ἕξεως
1406 1120 1457 1167 τὸ
1493 1119 1596 1167 καθ’
1628 1118 1715 1176 ἕξιν

271 1182 501 1248 λεγόμενον
519 1183 581 1245 μή
604 1185 718 1230 ἐστιν
739 1187 874 1231 ἴδιον·
920 1184 1028 1233 οὐδὲ
1057 1185 1139 1247 γὰρ
1172 1191 1249 1248 τῆς
1273 1187 1512 1249 στερήσεως
1531 1185 1583 1233 τὸ
1605 1184 1713 1232 κατὰ

272 1250 473 1312 στέρησιν
491 1249 719 1310 λεγόμενον
741 1251 857 1296 ἔσται
876 1253 1002 1297 ἴδιον.
1055 1269 1139 1297 καν
1159 1254 1197 1298 εἰ
1224 1253 1270 1298 δε
1300 1257 1378 1314 τῆς
1400 1251 1639 1314 στερήσεως
1660 1250 1712 1298 τὸ

221 1332 257 1360 so
271 1314 381 1362 κατὰ
406 1315 609 1376 στέρησιν
636 1315 865 1376 λεγόμενον
891 1316 951 1379 μή
984 1317 1096 1363 ἐστιν
1118 1319 1249 1373 ἴδιον,
1297 1317 1403 1364 οὐδὲ
1423 1322 1502 1379 τῆς
1520 1316 1646 1375 ἕξεως
1663 1316 1714 1364 τὸ

271 1380 381 1428 κατὰ
413 1379 492 1444 τὴν
520 1379 605 1436 ἕξιν
633 1383 862 1443 λεγόμενον
890 1385 1001 1428 ἴδιον
1033 1384 1160 1429 ἕσται.
1216 1381 1311 1430 οἷον
1343 1384 1432 1430 ἐπεὶ
1463 1382 1522 1430 οὐ
1551 1385 1714 1443 λέγεται

271 1447 614 1510 τῆςκωφότητος
627 1449 738 1494 ἴδιον
756 1447 807 1494 τὸ
823 1447 1115 1519 ἀναισθησίαν
1135 1446 1256 1505 εἶναι,
1275 1448 1372 1496 οὐδ’
1399 1468 1453 1495 αν
1472 1453 1552 1512 τῆς
1574 1448 1713 1496 εἰκού-

272 1525 383 1569 σεως
411 1515 477 1575 εἴη
507 1515 618 1559 ι’ὁιον
639 1512 688 1559 τὰ
719 1516 927 1577 αἴσθησιν
947 1520 1066 1560 εἰναι.
1125 1515 1503 1572 κατασκευάζοντα
1533 1517 1579 1561 δὲ
1606 1516 1643 1561 εἰ
1663 1513 1713 1561 τὸ

271 1578 377 1625 καθ’
398 1578 483 1634 ἕξιν
501 1578 737 1639 λεγόμενόν
755 1581 843 1626 ἐστι
864 1585 942 1642 τῆς
964 1579 1087 1636 ἕξεως
1111 1582 1245 1627 ἴδιον·
1271 1583 1345 1627 καὶ
1363 1579 1445 1642 γὰρ
1467 1600 1548 1643 της
1558 1580 1713 1643 στεοη-

222 1660 256 1689 8⁵
273 1658 381 1702 σεως
402 1643 453 1691 τὸ
477 1643 587 1690 κατὰ
608 1647 826 1708 στέρησιν
835 1646 1062 1708 λεγόμενον
1084 1647 1200 1692 ἕσται
1214 1649 1338 1693 ι’διον.
1373 1645 1455 1693 κᾶν
1475 1649 1512 1693 εἰ
1527 1666 1643 1710 της)
1618 1660 1714 1693 στε-

247 1710 461 1793 ρησεως
465 1709 515 1757 τό
537 1710 647 1757 κατὰ
669 1713 872 1775 στέρησιν
891 1712 1123 1773 λεγόμενόν
1147 1714 1259 1760 ἐστιν
1274 1715 1396 1769 ι’διον,
1416 1715 1489 1758 καὶ
1501 1718 1577 1775 τῆς
1592 1711 1716 1769 ἕξεως

146 1799 181 1832 p.
174 1788 258 1823 .136
273 1775 325 1823 τὸ
359 1775 461 1822 καθ’
494 1776 578 1832 ἕξιν
611 1778 841 1837 λεγόμενον
873 1779 989 1824 ε’σται
1022 1781 1145 1825 ἴδιον.
1215 1777 1310 1826 οἷον
1339 1780 1430 1826 ἐπεὶ
1463 1783 1540 1841 τῆς
1573 1777 1716 1835 ὄψεώς

273 1843 388 1890 ἐστιν
411 1844 524 1889 ι’διον
547 1841 597 1888 τὸ
624 1845 817 1903 βλέπειν,
859 1843 978 1890 καθὸ
1008 1845 1156 1904 ἕχομεν
1187 1843 1314 1903 ὄψιν,
1359 1842 1480 1906 εἴη
1451 1864 1506 1890 αν
1535 1849 1612 1903 τῆς
1634 1862 1714 1890 τυ-

275 1908 495 1970 φλότητος
530 1910 640 1955 ἴδιον
673 1908 725 1955 τό
761 1908 820 1972 μὴ
839 1911 1025 1971 βλέπειν,
1058 1908 1176 1956 καθὸ
1210 1910 1296 1956 οὐκ
1329 1911 1475 1971 ἔχομεν
1508 1908 1612 1966 ὄψι-ν
1637 1924 1714 1956 πε-

273 1974 468 2036 φυκότες
491 1975 609 2034 ἔχειν.

240 2057 258 2085 5
362 2038 541 2085 ’Ἐπειτα
577 2041 623 2086 ἐκ
655 2044 741 2086 τῶν
775 2040 953 2100 φάσεων
985 2042 1059 2086 καὶ
1092 2045 1177 2088 τῶν
1211 2040 1497 2100 ἇποφασεων,
1542 2044 1716 2099 πρῶτον

272 2107 349 2166 μὲν
369 2104 413 2161 ἐξ
435 2104 582 2152 αὐτῶν
606 2109 691 2152 τῶν
717 2107 1116 2168 κατηγορουμένων.
1169 2107 1257 2154 ε’στι
1288 2105 1325 2152 6'
1359 2104 1385 2152 6
1415 2105 1548 2162 τόπος
1582 2108 1716 2162 οὗτος

271 2173 481 2234 χρήσιιιος
506 2170 843 2229 ανασκευάζοντι
862 2172 1009 2231 μόνον.
1067 2170 1161 2219 οἷον
1189 2175 1226 2219 εἰ
1259 2171 1288 2234 ἡ
1318 2171 1455 2232 φάσις
1484 2191 1512 2234 η
1505 2170 1580 2217 τὸ
1607 2170 1716 2218 κατὰ

272 2237 353 2302 τήν
370 2238 511 2300 φασιν
529 2237 757 2299 λεγόμενον
771 2236 913 2285 αὐτοῦ
933 2237 1048 2285 ἴδιόν
1067 2239 1179 2285 ἐστιν
1192 2256 1201 2266 ·
1236 2237 1386 2300 οὐγὰρ
1398 2239 1512 2285 ἕσται
1533 2235 1712 2284 αὐτοῦ
1685 2257 1714 2300 η

366 2385 407 2418 18
431 2383 531 2418 ἔσται
548 2385 582 2426 f,
609 2395 664 2416 om
689 2395 719 2426 q.
747 2403 788 2409 -
814 2380 916 2427 ουδὲ]
945 2378 1031 2417 ου’δε
1053 2380 1122 2427 γὰρ
1150 2385 1223 2417 DP.
1245 2401 1290 2408 —
1313 2395 1379 2416 του
1406 2394 1461 2414 om
1486 2394 1517 2426 q.
1539 2402 1585 2407 —-
1605 2383 1650 2417 22
1671 2380 1712 2417 τὸ

273 2427 377 2482 πρός
387 2442 422 2462 τι
446 2429 512 2462 τοῦ
538 2441 574 2471 q,
608 2429 643 2460 id
668 2429 712 2461 23
737 2440 788 2460 cu
820 2447 863 2453 -
895 2425 1040 2503 23-{169
1074 2438 1131 2460 om
1159 2429 1217 2469 Ds
1235 2446 1315 2505 3,—
1331 2425 1426 2460 ἐστιν
1449 2438 1509 2503 ῧᾳ,
1514 2428 1645 2505 ..pr-95⁵
1670 2446 1716 2505 α-

273 2472 382 2560 Ξῗηῗ
397 2471 478 2541 -Ξὲ
462 2471 509 2549 2ὲέ
529 2469 940 2559 ZgfigzfffigffltaffgaD,
965 2472 1267 2558 κόὶνρῖέίτῗιιιῗῒιν-
1292 2482 1445 2549 {guent-65
1467 2512 1535 2559 γὰρ
1554 2515 1619 2558 τῆς
1634 2483 1715 2549 ἕως.

274 2565 359 2595 -31
386 2560 472 2595 καθ’
498 2560 572 2603 ἕξιν
604 2563 642 2594 D.
668 2580 709 2586 —
743 2560 841 2594 ἔσται
866 2562 961 2594 ἴδιον
987 2562 1053 2594 Du.
1076 2578 1122 2586 —
1156 2562 1198 2593 32
1221 2558 1449 2603 κουφότητος
1474 2561 1514 2592 D.
1540 2578 1582 2584 —
1608 2557 1715 2600 εἶναι,

273 2608 335 2640 καὶ
359 2604 429 2660 γὰρ
453 2608 527 2640 τῶν
551 2605 667 2640 ἄλλων
692 2602 817 2639 κοινὰν
841 2602 920 2639 021'6'
947 2617 978 2648 q.
1002 2624 1046 2631 -—
1069 2601 1159 2647 cinon
1166 2616 1183 2642 ς
1211 2606 1252 2638 D.
1276 2623 1319 2630 —
1353 2606 1395 2638 33
1421 2605 1516 2638 ἴδιον
1539 2604 1595 2660 εἴη
1613 2607 1646 2647 f.
1671 2623 1715 2631 —

274 2653 318 2683 34
340 2648 426 2696 γὰρ]
451 2650 521 2697 γὰρ
545 2651 607 2685 καὶ
634 2653 676 2693 D,
702 2662 757 2683 om
774 2652 808 2693 f.
830 2669 875 2675 -—
907 2651 950 2684 35
974 2645 1043 2683 κᾶν
1066 2649 1138 2684 εἰ..
1153 2649 1272 2683 Ηίδιον
1296 2661 1351 2682 om
1379 2651 1420 2682 D.
1445 2669 1490 2674 -
1527 2645 1596 2683 κᾶν
1620 2649 1655 2683 εἰ
1676 2647 1716 2683 δὲ

274 2695 382 2738 τῆςι]

363 2739 473 2773 136³ss
497 2738 593 2774 ἴδιόν
617 2737 692 2773 ἔστι
714 2751 748 2772 u.
774 2757 814 2763 —
837 2735 878 2772 τὸ
906 2735 925 2772 ὁ
954 2750 999 2771 αν
1025 2738 1084 2778 Df.
1110 2756 1154 2763 —
1179 2738 1198 2770 6
1222 2734 1254 2770 δ’
1278 2739 1385 2780 omf.
1410 2756 1455 2763 ——
1476 2737 1496 2770 7
1520 2734 1559 2781 ἢ]
1583 2735 1645 2771 καὶ
1672 2738 1713 2770 D.

274 2803 318 2809 —
341 2783 364 2817 8
388 2781 507 2819 αυτοῦ
530 2781 724 2828 λεγόμενον
750 2784 823 2817 AD.
849 2801 892 2809 -
944 2793 1021 2816 στιν
1044 2782 1141 2816 ἴδιον
1168 2783 1208 2815 D.
