1878 3060
357 186 439 226 396
805 187 1070 233 Analytica
1101 189 1390 232 posteriora.

413 284 689 324 coniecturam
726 296 898 333 capere,
934 284 991 322 ita
1027 285 1190 335 quidem
1228 290 1274 325 ut
1311 298 1390 338 quo
1418 286 1559 325 melius
1596 287 1664 326 illa
1691 300 1846 340 cogno-

413 360 593 394 scamus,
632 359 680 384 eo
709 345 852 384 melius
882 347 1007 385 etiam
1032 348 1161 399 ipsam
1188 349 1251 387 rei
1277 354 1461 388 naturam
1487 354 1743 400 perspectam
1769 351 1849 389 ha-

412 410 594 447 beamus.
1255 408 1257 410 ’

360 474 508 510 93a27
536 470 726 508 Dedimus
755 469 899 522 μηδὲν,
929 472 1038 523 quod
1065 473 1186 512 etiam
1213 474 1409 521 Boethius
1437 474 1582 523 habet,
1611 488 1851 526 quamquam

413 538 566 571 auctor
591 533 780 583 paraphr.
805 535 992 573 Riccard.
1022 540 1063 574 et
1092 535 1233 574 Prodr.
1271 536 1420 588 legisse
1447 538 1636 576 videntur
1662 537 1767 589 μηδὲ
1795 540 1850 589 (v.

412 609 534 645 supra
558 595 586 633 Ι.
607 608 647 645 p.
669 598 751 646 58).
804 597 869 635 Cf.
902 600 1096 637 1041a24
1125 596 1160 637 εἰ
1186 596 1267 650 γὰρ
1293 597 1350 650 μὴ
1378 597 1534 649 οὕτως,
1569 599 1702 640 οὐθὲν
1730 603 1850 653 ζητεῖ.

413 659 620 697 1025b30
646 659 749 698 ἄνευ
777 672 824 710 γε
851 660 1006 700 τούτου
1035 661 1082 700 τὸ
1121 662 1255 714 ζητεῖν
1281 659 1419 714 μηθέν
1446 660 1532 703 ἐστι
1557 666 1717 713 ποιεῖν,
1761 665 1849 703 coll.

411 734 516 771 quae
545 722 712 760 diximus
742 724 794 761 ad
825 726 908 762 loa
924 727 975 762 26
1003 728 1044 763 et
1071 725 1122 762 ad
1150 726 1282 763 16b4.

356 786 504 823 93a32
531 787 672 831 τοῦτο,
690 785 817 824 intell.
828 785 875 826 τὸ
894 787 1029 838 ζητεῖν
1045 785 1093 827 τὸ
1106 788 1154 835 Β,
1173 787 1221 827 τὸ
1241 785 1382 840 μέσον.
1412 790 1490 838 Qui
1512 790 1687 828 medium
1710 784 1848 828 termi-

408 861 503 886 num
523 847 752 899 investigat,
786 849 827 888 in
847 863 1007 888 causam
1029 850 1214 901 inquirit,
1252 864 1300 889 ex
1319 865 1397 902 qua
1422 852 1690 890 demonstrari
1718 853 1849 903 possit

411 912 630 948 terminum
654 913 692 949 A
724 912 775 949 de
802 913 976 951 termino
1006 914 1048 952 Γ
1077 914 1304 962 praedicari
1345 912 1399 964 (εἰ
1437 912 1521 954 ἔστι
1547 914 1673 966 λόγος
1699 915 1847 963 αὐτοῦ,

409 973 450 1010 h.
480 986 514 1012 e.
542 975 622 1013 τοῦ
650 971 850 1014 ἐκλείπειν
877 972 955 1027 τὴν
981 975 1194 1027 σελήνην),
1221 976 1287 1014 vel
1315 978 1472 1027 quaerit
1493 991 1654 1016 causam
1673 979 1749 1026 (vs.
1763 979 1847 1031 34),

410 1037 462 1074 ob
493 1050 612 1087 quam
640 1038 814 1076 alterum
843 1039 895 1076 de
923 1038 1052 1077 altero
1082 1043 1150 1076 aut
1175 1039 1491 1089 praedicandum
1518 1041 1572 1079 sit
1599 1044 1670 1079 aut
1695 1053 1848 1092 negan-

411 1099 506 1137 dum
543 1098 738 1150 (ποτέρας
772 1102 846 1153 τῆς
873 1099 1136 1151 ἀντιφάσεώς
1163 1099 1274 1141 ἐστιν
1301 1100 1325 1141 ὁ
1351 1101 1501 1154 λόγος,
1542 1104 1583 1141 h.
1605 1117 1641 1142 e.
1669 1103 1849 1154 πότερόν

410 1158 497 1201 ἐστι
523 1162 647 1214 λόγος
673 1166 747 1216 τῆς
773 1164 1050 1214 καταφάσεως
1076 1164 1102 1216 ἢ
1130 1166 1205 1218 τῆς
1245 1163 1517 1217 ἀποφάσεως,
1556 1166 1736 1217 πότερον
1771 1166 1849 1219 τὴν

410 1223 532 1264 θέσιν
561 1226 672 1276 αἱρεῖ
698 1226 721 1267 ὁ
749 1227 873 1278 λόγος
901 1227 927 1279 ἢ
954 1227 1032 1279 τὴν
1058 1227 1305 1278 ἀντίθεσιν).

357 1290 505 1327 93a36
533 1291 724 1328 Dedimus
753 1289 806 1330 δι’
834 1288 1023 1340 ἀμέσων,
1063 1292 1170 1342 quod
1203 1292 1309 1329 bene
1344 1294 1527 1329 notatum
1562 1295 1626 1330 est
1651 1293 1692 1330 in
1719 1306 1846 1345 marg.

410 1352 474 1389 ed.
503 1352 660 1403 Isingr.,
687 1367 928 1404 quamquam
941 1355 1146 1405 vulgarem
1165 1353 1378 1392 lectionem
1398 1354 1608 1403 Boethius,
1639 1359 1719 1392 vet.
1745 1356 1845 1406 intp.

408 1414 476 1452 lat.
519 1419 559 1453 et
594 1415 782 1466 plerique
821 1418 938 1455 codd.
974 1417 1179 1456 exhibent.
1234 1415 1443 1463 Nostram,
1485 1429 1604 1466 quam
1629 1417 1777 1455 Prodr.
1807 1422 1849 1456 et

407 1478 598 1527 paraphr.
627 1478 812 1517 Riccard.
840 1481 1061 1530 praebent,
1090 1491 1232 1516 sensus
1261 1478 1455 1528 requirit:
1493 1492 1586 1516 nam
1614 1480 1721 1529 quod
1749 1479 1846 1517 Ari—

408 1540 579 1578 stoteles
608 1540 707 1578 dicit
735 1545 796 1579 est
823 1542 914 1580 hoc.
969 1542 1023 1594 Et
1051 1553 1138 1583 rem
1167 1553 1258 1578 esse
1288 1544 1331 1577 et
1358 1553 1520 1578 causam
1547 1554 1624 1591 per
1652 1554 1768 1591 quam
1795 1543 1849 1580 sit

408 1601 695 1652 intelligimus,
714 1604 748 1641 si
767 1604 1078 1654 propositiones,
1099 1615 1148 1640 ex
1168 1603 1309 1653 quibus
1333 1603 1706 1652 demonstravimus,
1735 1605 1847 1654 ipsae

408 1664 572 1703 aliunde
600 1666 767 1714 probari
794 1679 874 1704 non
900 1670 1094 1716 possunt3
1124 1665 1158 1703 si
1183 1669 1365 1715 possunt,
1394 1678 1482 1703 rem
1510 1679 1600 1704 esse
1629 1668 1845 1717 cognosci-

409 1740 512 1774 mus,
541 1740 702 1765 causam
731 1742 826 1766 vero
854 1729 1100 1779 ignoramus.
1158 1729 1295 1776 Quare
1332 1740 1452 1777 quum
1479 1733 1660 1767 nostram
1694 1729 1846 1768 lectio-

409 1803 504 1827 nem
541 1790 672 1828 omnia
713 1804 816 1840 quae
856 1791 1099 1829 Aristoteles
1137 1795 1270 1828 antea«
1295 1790 1512 1840 disputavit
1540 1793 1589 1830 de
1618 1792 1846 1842 cognitione

408 1854 486 1891 τοῦ
521 1851 628 1891 διότι
656 1857 698 1890 et
725 1853 777 1890 de
807 1853 1051 1900 discrimine,
1081 1853 1189 1902 quod
1215 1853 1378 1890 intersit
1403 1853 1510 1891 inter
1531 1855 1745 1892 scientiam.
1767 1857 1845 1894 τοῦ

409 1913 473 1955 ὅτι
502 1920 544 1953 et
570 1917 648 1955 τοῦ
677 1914 808 1962 διότι,
847 1919 887 1952 et
922 1916 1010 1964 ipsa
1050 1914 1232 1964 exempla
1271 1927 1373 1963 quae
1400 1920 1624 1965 sequuntur
1652 1930 1842 1967 compro-

405 1981 525 2027 bent,
554 1992 634 2016 non
655 1979 773 2016 video
808 1990 886 2027 quo
912 1978 1002 2015 iure
1032 1977 1077 2014 C.
1099 1976 1231 2023 Ki'lhn,
1262 1976 1329 2026 qui
1355 1975 1399 2027 (1.
1422 1976 1448 2014 l.
1471 1990 1509 2027 p.
1536 1981 1585 2016 23
1607 1983 1712 2028 not.)
1741 1993 1844 2018 unus

408 2042 627 2080 lectionem
657 2040 710 2081 δι’
739 2038 907 2091 ἀμέσων
929 2039 1090 2077 restitui
1118 2038 1227 2085 vult,
1261 2039 1589 2088 reprehendatur
1610 2055 1631 2079 a
1658 2042 1843 2080 Bonitzio

406 2105 514 2159 (Jen.
536 2105 704 2155 Littztg.
731 2106 843 2142 1845.
866 2103 975 2152 215).
1023 2101 1207 2152 Namque
1234 2101 1275 2139 in
1305 2102 1487 2153 exemplo
1518 2104 1623 2154 quod
1652 2104 1845 2142 adiicitur

404 2183 460 2208 vs.
482 2171 531 2206 37
546 2168 742 2206 maiorem
762 2166 979 2205 terminum
1000 2164 1076 2216 (A)
1101 2164 1152 2202 de
1171 2164 1302 2201 medio
1320 2163 1394 2217 (B)
1418 2166 1650 2216 praedicari
1661 2180 1758 2205 vere
1772 2168 1843 2205 de-

408 2234 657 2270 monstratur
674 2243 749 2279 per
769 2242 915 2267 novum
935 2227 1148 2266 terminum
1160 2227 1351 2275 medium,
1371 2228 1583 2278 quiveram
1604 2229 1844 2268 defectionis

409 2307 571 2334 causam
590 2292 827 2344 patefaciat,
855 2289 933 2344 τὴν
954 2288 1204 2340 ἀντίφραξιν
1231 2291 1304 2342 τῆς
1331 2292 1420 2342 γῆς,
1448 2290 1527 2339 vel,
1555 2292 1589 2329 si
1616 2291 1695 2330 alia
1725 2305 1846 2331 causa

408 2359 482 2406 sit,
519 2355 598 2407 τὴν
626 2353 819 2407 στροφὴν
846 2354 1120 2408 τῆςισελήνης
1146 2350 1173 2403 ἢ
1201 2351 1278 2404 τὴν
1305 2352 1555 2403 ἀπόσβεσινε
1594 2354 1846 2404 significatur

410 2414 518 2459 enim
544 2431 668 2457 novus
697 2419 893 2457 terminus
925 2418 1078 2456 medius
1109 2417 1170 2454 b6
1199 2416 1329 2454 verbis
1357 2418 1485 2455 τοῦτο
1515 2415 1552 2455 δ’
1583 2413 1758 2454 ἐστὶν...

353 2487 499 2522 93η3ῖ
530 2483 661 2531 Quum
686 2482 786 2519 nihil
813 2484 1011 2532 appareat
1037 2480 1178 2530 (ὄντος
1206 2481 1418 2530 φανεροῦε
1445 2492 1538 2517 nam
1567 2479 1753 2530 φανερὸν
1782 2483 1846 2518 est

410 2546 452 2584 id
482 2545 589 2596 quod
617 2544 743 2582 oculis
773 2540 976 2591 cernitur,
1014 2556 1049 2580 v.
1087 2555 1190 2593 quae
1223 2542 1403 2582 dedimus
1431 2543 1482 2579 ad
1511 2543 1699 2592 76b17),
1737 2543 1845 2592 quod

410 2610 520 2647 inter
548 2619 622 2646 nos
652 2611 694 2645 et
720 2607 854 2645 lunam
878 2606 1137 2644 interiectum
1165 2605 1228 2653 sit,
1258 2604 1350 2642 fieri
1378 2618 1458 2643 non
1485 2609 1635 2655 potest,
1664 2608 1708 2643 ut
1733 2605 1844 2653 luna,

408 2672 504 2709 dum
530 2670 650 2721 plena
679 2671 744 2719 sit,
773 2671 1015 2708 obscuretur
1043 2666 1185 2718 (σκιὰν
1210 2665 1266 2719 μὴ
1296 2666 1510 2707 δύνασθαι
1536 2669 1687 2715 ποιεῖν,
1713 2667 1841 2708 intell.

403 2731 480 2787 τὴν
508 2732 719 2785 σελήνην).
746 2753 798 2761 —
851 2724 1044 2771 Dedimus
1071 2730 1336 2783 πανσελήνου
1352 2763 1363 2782 ,
1406 2745 1524 2782 quam
1561 2731 1722 2783 quidem
1748 2729 1839 2768 for-
