1780 3132
645 227 934 261 ΤΣΤΕΡΩΝ
963 230 1001 261 A.
1506 226 1560 265 19

98 321 439 384 συλλογισμός),
475 319 671 385 δῆλον”
641 341 711 370 οτι
731 322 832 370 οὐδ’
848 325 1059 381 ἔνστασις.
1119 322 1164 368 αἱ
1189 321 1319 372 αὐταὶ
1340 321 1424 385 γὰρ
1443 337 1557 385 προ-

97 389 243 447 τάσεις
273 391 346 435 καὶ
377 387 622 447 ἐνστάσεις·
656 387 714 453 ἢν
743 409 827 452 γαρ
851 391 977 452 φέρει
1005 391 1219 447 ἔνστασιν,
1255 387 1371 454 αὕτη
1402 389 1558 453 γένοιτ’

98 453 155 503 ἂν
175 455 390 516 πρότασις
410 453 444 519 η’
461 453 787 539 ἀποδεικτικῆς
763 476 791 520 η
814 456 1077 520 διαλεκτική,

197 523 440 583 Συμβαίνει
472 521 512 568 δ’
543 524 689 581 ἐνίους
721 522 1050 586 ἀσυλλογίστως
1078 523 1216 584 λέγειν
1250 521 1325 569 διὰ
1355 521 1407 569 τὰ
1441 527 1608 584 λαμ-ιο

95 589 244 651 βάνειν
277 588 542 651 ἀμφοτέροις
574 588 627 636 τοὶ
655 590 856 651 επόμενα,
904 597 1001 637 οἱον
1034 592 1106 636 καὶ
1138 589 1164 636 6
1198 588 1396 647 Καινευς
1424 595 1555 647 ποιεῖ,

98 655 166 703 ὅτι
196 654 249 703 τὸ
280 661 349 703 πῦ
349 675 375 717 ρ
409 658 453 703 ἐν
480 674 533 717 τη
559 660 870 722 πολλαπλασίᾳ
899 657 1132 721 α’ναλογία·
1167 657 1241 702 καὶ
1264 655 1348 718 γὰρ
1378 655 1429 703 τὸ
1459 661 1554 716 πῦρ
1572 678 1607 710 p.
1616 666 1663 701 78

94 722 207 784 ταχύ
237 728 459 785 γεννᾶται,
494 722 555 781 (ὃς
588 727 724 788 φησί,
760 727 835 771 καὶ
870 723 986 788 αὕτη
1019 723 1046 788 ἡ
1078 724 1300 785 αναλογιᾝα
1361 721 1488 770 οὕτω
1516 722 1556 770 δ’

96 789 183 837 οὐκ
217 791 304 837 εστι
345 791 663 851 συλλογισμός·
710 790 805 838 ἀλλ’
839 793 878 837 εἰ
904 796 959 853 τῇ
983 792 1163 852 ταχίστη
1206 790 1420 856 ιῖναλογία
1456 791 1555 838 ε’πε-

94 876 165 904 ται
194 855 221 920 ἡ
251 857 585 915 πολλαπλάσιος
615 859 688 904 καὶ
721 864 783 922 τῷ
809 860 917 918 πυρὶ
951 857 981 922 ἡ
1016 860 1195 920 ταχίστη
1228 859 1274 904 ἐν
1302 862 1358 918 τῇ
1386 857 1556 922 κινήσει

96 924 320 986 αναλογία.
355 925 487 972 ἐνίοτε
500 944 579 985 μεν
598 926 686 972 οὐν
700 944 786 973 ουκ
787 927 1008 986 ἐνδέχεται
1026 926 1385 1009 συλλογίσασθαι
1406 925 1452 971 ἐκ
1466 942 1557 972 των
1572 938 1590 966 5

95 992 383 1054 εἰλημιιένων,
431 990 501 1039 ὁτὲ
535 991 574 1038 δ’
609 993 844 1053 ἐνδέχεται,
886 992 982 1039 αλλ’
1012 1011 1097 1054 ουχ
1125 990 1318 1058 ὁρᾶται.
1360 993 1397 1038 εἰ
1428 990 1468 1038 δ’
1498 985 1558 1054 ἦν

96 1057 319 1106 αδύνατόν
350 1059 397 1105 ἐκ
425 1057 629 1116 ψευδους
654 1058 820 1123 αληθες
843 1058 994 1116 δεῖξαι,
1030 1056 1225 1124 ῥάδιον
1206 1077 1261 1105 αν
1288 1050 1345 1121 ἦν
1373 1057 1425 1104 τὸ
1445 1076 1556 1104 ανα-

94 1126 154 1172 λύ
144 1143 240 1172 ειν·
276 1124 535 1186 οἷντέστρεφε
562 1145 648 1187 γαρ
682 1145 740 1173 αν
770 1126 817 1182 ἐξ
845 1125 1050 1188 ανάγκης.
1102 1127 1210 1172 ε’στω
1236 1143 1321 1185 γαρ
1342 1123 1393 1170 τὸ
1415 1122 1504 1169 A'‘
1476 1141 1555 1171 ον·

93 1210 264 1239 τουτου
285 1191 326 1238 δ’
348 1191 478 1249 ὄντος
497 1193 599 1238 ταδί
625 1193 753 1248 ἐστιν,
791 1191 822 1239 οἳ
841 1189 985 1238 οἶδα
964 1190 1032 1239 ότι
1054 1192 1184 1249 ἔστιν,
1214 1196 1311 1237 οἱον
1330 1189 1381 1237 τὸ
1402 1194 1453 1236 Β.
1509 1191 1557 1237 ἐκ

93 1256 321 1306 τούτων”
292 1277 378 1318 αρα
405 1257 581 1314 δείξω“
561 1257 629 1306 ότι
662 1260 778 1306 ἔστιν
808 1260 960 1306 έκεῖνο.
1014 1257 1290 1319 ἀντιστρέφει
1312 1258 1359 1304 δὲ
1387 1261 1556 1317 μᾶλλον
1571 1270 1607 1299 10

93 1324 147 1372 τὰ
173 1326 217 1373 ἐν
246 1331 338 1382 τοῖς
365 1325 638 1389 μαθήμασιν,
674 1324 740 1373 ὅτι
771 1326 909 1373 οὐδὲν
942 1323 1223 1389 συμβεβηκὸς
1251 1324 1558 1385 λαμβάνουσιν

95 1390 229 1454 (ἄλλα
261 1394 335 1438 καὶ
363 1393 508 1459 τούτῳ
547 1394 814 1456 διαφέρουσι
843 1397 932 1439 τῶν
957 1394 1002 1440 ἐν
1035 1398 1130 1450 τοῖς
1168 1391 1421 1454 διαλόγοις)
1462 1389 1558 1438 ἄλλ’

94 1459 324 1520 ὁρισμούς.

195 1525 382 1582 Αὕξεται
427 1525 466 1572 δ’
509 1524 570 1572 ου’
614 1525 687 1573 διὰ
733 1531 823 1573 τῶν
858 1527 1015 1586 μέσων,
1064 1523 1177 1572 ἄλλα
1221 1529 1287 1590 τῷ
1324 1529 1557 1586 προσλαμ-

94 1593 253 1654 βάνειν,
276 1591 375 1640 οἷον
393 1591 442 1639 τὸ
466 1597 503 1638 Α
521 1597 605 1640 τοῦ
621 1598 672 1652 Β,
691 1598 827 1641 τοῦτο
846 1594 891 1639 δὲ
912 1598 999 1640 τοῦ
1021 1595 1072 1649 Γ,
1092 1593 1225 1639 πάλιν
1242 1596 1378 1638 τοῦτο
1398 1597 1482 1639 τοῦ
1499 1597 1556 1650 Δ,
1574 1604 1609 1633 15

96 1663 170 1708 καὶ
197 1659 317 1707 τοῦτ’
343 1662 403 1717 εἰς
434 1658 628 1719 α’πειρον.
696 1663 767 1707 καὶ
799 1662 862 1717 εἰς
889 1658 940 1706 τὸ
968 1659 1167 1721 πλάγιον,
1202 1656 1302 1705 οἷον
1335 1657 1386 1705 τὸ
1416 1663 1454 1705 Α
1483 1661 1559 1743 naq),

93 1748 205 1777 κατα
237 1732 321 1774 τοῦ
349 1731 395 1773 Γ
414 1729 487 1772 καὶ
518 1746 629 1773 κατα
659 1732 746 1775 τοῦ
771 1732 826 1783 Ε,
864 1724 960 1773 οἷον
985 1728 1101 1774 ε’στιν
1128 1724 1324 1786 αριθμὸς
1355 1724 1497 1783 ποσὸς
1523 1723 1558 1789 ἢ

95 1797 168 1842 καὶ
202 1811 380 1854 απειρος
402 1798 537 1840 τοῦτο
569 1793 639 1854 ἐφ’
671 1796 707 1840 ὠ
730 1799 779 1849 Α,
816 1792 842 1839 6
873 1791 1075 1852 περιττὸς
1097 1791 1293 1854 αριθμός
1320 1791 1466 1850 ποσὸς
1489 1791 1558 1854 ἐφ’

97 1856 158 1910 οὗ
183 1866 235 1918 Β,
271 1859 465 1921 α’ριθμὸς
495 1841 697 1921 περιττὸς
730 1858 800 1923 ἐφ’
825 1862 885 1907 οὐ
915 1864 975 1906 Γ·
1024 1861 1139 1907 ἐστιν
1168 1878 1254 1919 αρα
1289 1857 1342 1905 τὸ
1376 1865 1414 1906 Α
1444 1858 1557 1906 κατὰ

94 1933 179 1977 τοῦ
204 1933 254 1975 Γ
309 1929 383 1974 καὶ
404 1928 518 1974 ἔστιν
539 1926 564 1974 6
595 1926 744 1987 ἄρτιος
764 1925 907 1984 ποσὸς
934 1924 1172 2010 αριθμὸς’
1152 1925 1223 1988 εφ’
1245 1921 1305 1974 οὗ
1329 1932 1384 1983 Δ,
1420 1925 1446 1974 6
1474 1925 1610 1989 etQ-2⁰

93 2015 187 2055 τιος
211 1993 406 2056 αριθμὸς
426 1994 495 2056 ἐφ’
513 1988 574 2041 οὗ
594 1998 660 2041 Ε·
695 1996 809 2042 ἐστιν
831 2014 918 2055 αρα
939 1993 989 2041 τὸ
1014 1999 1052 2040 Α
1074 2013 1185 2040 κατα
1207 1997 1294 2041 τοῦ
1316 1997 1372 2040 Ε.

202 2062 270 2110 Τὸ
301 2061 342 2109 δ’
369 2059 436 2108 ότι
469 2063 670 2123 διαφέρει
707 2065 782 2110 καὶ
812 2059 864 2109 τὸ
895 2062 1007 2109 διότι
1046 2062 1334 2118 ἐπίστασθαι,
1382 2074 1559 2121 πρωτου
1579 2061 1639 2105 13

95 2150 175 2192 μεν
205 2132 250 2178 ἐν
281 2133 339 2190 τῇ
372 2148 432 2176 αι
423 2127 491 2190 ’τῆ
519 2129 755 2214 ἑπιστήιιῃ,
810 2130 884 2175 καὶ
912 2129 957 2176 ἐν
988 2128 1129 2190 ταύτῃ
1162 2132 1320 2190 διχως,
1367 2128 1443 2174 ε’να
1479 2146 1559 2188 μεν

95 2197 264 2259 τρόπον
296 2194 372 2243 ἐαν
402 2194 463 2260 μὴ
498 2195 554 2242 δι’
580 2196 755 2257 ιῖμέσων
781 2199 952 2260 γίνηται
983 2194 1009 2243 6
1039 2193 1341 2258 συλλογισμός
1373 2192 1454 2256 (ου
1474 2193 1558 2278 γὰρ

97 2266 360 2326 λαμβάνεται
379 2261 430 2310 τὸ
451 2267 626 2323 πρῶτον
645 2265 801 2323 αἰτιον,
837 2262 867 2328 ὴ
896 2265 943 2310 δε
971 2267 1055 2311 τοῦ
1075 2262 1187 2310 διότι
1211 2260 1427 2326 ἐπιστήμη
1446 2280 1555 2309 κατα
1572 2277 1609 2306 2⁵

97 2331 148 2379 τὸ
187 2348 365 2393 πρωτον
403 2332 589 2392 αἴτιον),
651 2329 789 2379 αλλον
827 2332 875 2379 δε
917 2332 955 2378 εἰ
990 2329 1047 2378 δι’
1087 2329 1260 2392 αμέσων
1290 2330 1390 2391 μέν,
1445 2327 1558 2376 αλλα

185 2503 228 2536 39
252 2514 295 2546 pr
319 2498 359 2546 ἢ]
386 2515 407 2545 η
434 2513 467 2534 n.
492 2521 537 2527 -
562 2515 584 2545 η
610 2500 823 2558 διαλεκτική
849 2514 906 2535 om
929 2514 962 2535 n.

186 2547 276 2581 78³2
299 2548 361 2582 καὶ
385 2545 410 2590 ἡ
435 2543 530 2588 αὐτὴ
557 2548 589 2580 d.
614 2567 660 2572 —
692 2543 802 2588 οὗτος
829 2549 902 2581 Md
928 2568 972 2572 —
998 2542 1030 2582 δ’
1055 2559 1111 2580 om
1136 2558 1178 2591 pr
1208 2547 1244 2580 C.
1270 2565 1312 2571 —-
1338 2547 1359 2580 3
1383 2545 1431 2589 εἰ]
1458 2541 1483 2589 ἢ
1510 2546 1560 2579 Μ.

97 2610 143 2618 —
166 2594 188 2626 5
212 2605 281 2627 ουν
306 2605 360 2625 om
387 2593 422 2625 d.
448 2611 492 2618 -
515 2593 538 2626 8
562 2605 609 2626 αν
635 2595 756 2627 omM
773 2613 813 2618 -
841 2594 883 2626 12
908 2594 1020 2628 τοῦτο
1045 2605 1079 2625 π.
1104 2611 1148 2617 -
1175 2593 1216 2625 15
1243 2591 1356 2626 τοῦτο
1381 2590 1558 2626 δετοῦιι.

99 2655 143 2663 —
178 2638 324 2671 lsstert.
353 2651 413 2671 και
440 2650 552 2671 omn
578 2637 1066 2680 -18αε1ε1ἀ,τὸαο.
1094 2658 1134 2663 -
1172 2638 1217 2670 20
1242 2637 1558 2691 postyduovbb

101 2682 159 2715 del
186 2683 221 2716 C.
249 2702 292 2707 —
316 2684 367 2716 adt
394 2682 415 2718 6
440 2695 496 2716 om
524 2683 572 2717 Μ.
599 2702 644 2709 -
668 2686 712 2718 23
736 2682 854 2729 ταύτῃ
878 2684 926 2729 τῇ
944 2686 990 2728 M,
1018 2684 1080 2716 sed
1084 2683 1150 2740 τῇ
1175 2682 1232 2714 del
1242 2649 1343 2715 p.vult
1357 2701 1402 2707 —
1425 2682 1470 2716 24
1495 2680 1558 2716 διὰ

99 2726 220 2783 μέσων
246 2728 296 2761 Μ.
321 2746 366 2755 -
400 2729 444 2762 25
469 2727 512 2764 τὸ
542 2741 598 2762 om
632 2729 665 2762 d.
691 2749 734 2754 —
767 2727 790 2773 ἠ
817 2741 898 2762 corr
922 2731 964 2763 B.
991 2750 1032 2755 —
1070 2728 1093 2772 ἡ
1199 2727 1322 2762 αἰτιον
1357 2739 1413 2760 om
1450 2728 1489 2761 G.
1515 2747 1559 2752 —

98 2774 144 2806 26
169 2770 288 2807 αλλων
311 2786 353 2817 pr
375 2774 450 2807 AC.
461 2792 507 2800 —
531 2774 567 2808 εἰ
589 2786 646 2807 om
668 2775 880 2818 ARGMuds,
905 2787 943 2808 rc
968 2787 995 2808 c.
1005 2793 1050 2800 -—
1075 2780 1158 2817 post
1175 2773 1210 2807 εἰ
1225 2773 1294 2806 add
1311 2774 1373 2806 sed
1398 2774 1455 2806 del
1483 2773 1561 2806 vult

98 2816 148 2862 μὴ
174 2830 209 2852 π.
225 2836 272 2844 -
295 2786 358 2853 διὰ
381 2817 501 2863 μέσων
527 2820 578 2863 Μ,
603 2832 645 2864 pr
671 2831 699 2854 c.

1229 2877 1284 2911 2*
