<?xml version="1.0" encoding="UTF-8"?>
<!DOCTYPE html PUBLIC "-//W3C//DTD XHTML 1.0 Transitional//EN"
    "http://www.w3.org/TR/xhtml1/DTD/xhtml1-transitional.dtd">
<html xmlns="http://www.w3.org/1999/xhtml" xml:lang="en" lang="en">
 <head>
  <title>
</title>
<meta http-equiv="Content-Type" content="text/html;charset=utf-8" />
  <meta name='ocr-system' content='tesseract 3.04.00' />
  <meta name='ocr-capabilities' content='ocr_page ocr_carea ocr_par ocr_line ocrx_word'/>
</head>
<body>
  <div class='ocr_page' id='page_1' title='image "aristotelisorgan02arisuoft_0018.png"; bbox 0 0 1786 3068; ppageno 0'>
   <div class='ocr_carea' id='block_1_1' title="bbox 264 201 1177 240">
    <p class='ocr_par' dir='ltr' id='par_1_1' title="bbox 264 201 1177 240">
     <span class='ocr_line' id='line_1_1' title="bbox 264 201 1177 240; baseline -0.002 -5"><span class='ocrx_word' id='word_1_1' title='bbox 264 204 289 240; x_wconf 84' lang='lat'>2</span> <span class='ocrx_word' id='word_1_2' title='bbox 782 201 1177 234; x_wconf 69' lang='grc' dir='ltr'><em>ΑΝΑΛΤΤΙΚΩΝ</em></span> 
     </span>
    </p>
   </div>
   <div class='ocr_carea' id='block_1_2' title="bbox 210 272 1687 2314">
    <p class='ocr_par' dir='ltr' id='par_1_2' title="bbox 210 272 1687 2314">
     <span class='ocr_line' id='line_1_2' title="bbox 264 272 1685 362; baseline 0.001 -20"><span class='ocrx_word' id='word_1_3' title='bbox 264 298 338 343; x_wconf 82' lang='grc' dir='ltr'><em>καὶ</em></span> <span class='ocrx_word' id='word_1_4' title='bbox 370 293 457 355; x_wconf 73' lang='grc' dir='ltr'><em>ἅμα</em></span> <span class='ocrx_word' id='word_1_5' title='bbox 483 272 752 362; x_wconf 79' lang='grc' dir='ltr'><em>λαμβάνοντα</em></span> <span class='ocrx_word' id='word_1_6' title='bbox 780 293 860 356; x_wconf 81' lang='grc' dir='ltr'><em>τὴν</em></span> <span class='ocrx_word' id='word_1_7' title='bbox 887 299 1069 356; x_wconf 78' lang='grc' dir='ltr'><em>γνῶσιν,</em></span> <span class='ocrx_word' id='word_1_8' title='bbox 1122 294 1216 342; x_wconf 82' lang='grc' dir='ltr'><em>οἷον</em></span> <span class='ocrx_word' id='word_1_9' title='bbox 1245 292 1328 341; x_wconf 81' lang='grc' dir='ltr'><em>ὅσα</em></span> <span class='ocrx_word' id='word_1_10' title='bbox 1354 296 1551 356; x_wconf 77' lang='grc' dir='ltr'><em>τυγχάνει</em></span> <span class='ocrx_word' id='word_1_11' title='bbox 1580 295 1685 344; x_wconf 81' lang='grc' dir='ltr'><em>ὄντα</em></span> 
     </span>
     <span class='ocr_line' id='line_1_3' title="bbox 265 359 1684 423; baseline 0 -15"><span class='ocrx_word' id='word_1_12' title='bbox 265 360 357 408; x_wconf 75' lang='grc' dir='ltr'><em>ὑπὸ</em></span> <span class='ocrx_word' id='word_1_13' title='bbox 378 361 428 407; x_wconf 83' lang='grc' dir='ltr'><em>τὸ</em></span> <span class='ocrx_word' id='word_1_14' title='bbox 446 362 672 416; x_wconf 80' lang='grc' dir='ltr'><em>καθόλου,</em></span> <span class='ocrx_word' id='word_1_15' title='bbox 707 363 768 405; x_wconf 79' lang='grc' dir='ltr'><em>ὠν</em></span> <span class='ocrx_word' id='word_1_16' title='bbox 789 361 868 419; x_wconf 69' lang='grc' dir='ltr'><em>ἔχει</em></span> <span class='ocrx_word' id='word_1_17' title='bbox 894 359 977 422; x_wconf 80' lang='grc' dir='ltr'><em>τὴν</em></span> <span class='ocrx_word' id='word_1_18' title='bbox 993 365 1162 423; x_wconf 80' lang='grc' dir='ltr'><em>γνῶσιν.</em></span> <span class='ocrx_word' id='word_1_19' title='bbox 1208 359 1273 407; x_wconf 78' lang='grc' dir='ltr'><em>ὅτι</em></span> <span class='ocrx_word' id='word_1_20' title='bbox 1293 362 1368 421; x_wconf 71' lang='grc' dir='ltr'><em>μὲν</em></span> <span class='ocrx_word' id='word_1_21' title='bbox 1386 360 1469 421; x_wconf 74' lang='grc' dir='ltr'><em>γὰρ</em></span> <span class='ocrx_word' id='word_1_22' title='bbox 1489 366 1576 407; x_wconf 77' lang='grc' dir='ltr'><em>πᾶν</em></span> <span class='ocrx_word' id='word_1_23' title='bbox 1593 364 1684 422; x_wconf 88' lang='grc' dir='ltr'><em>τρί-</em></span> 
     </span>
     <span class='ocr_line' id='line_1_4' title="bbox 216 423 1686 491; baseline -0.001 -17"><span class='ocrx_word' id='word_1_24' title='bbox 216 448 251 475; x_wconf 75' lang='lat'><em>20</em></span> <span class='ocrx_word' id='word_1_25' title='bbox 265 445 404 489; x_wconf 84' lang='grc' dir='ltr'><em>γωνον</em></span> <span class='ocrx_word' id='word_1_26' title='bbox 424 427 502 486; x_wconf 72' lang='grc' dir='ltr'><em>ἔχει</em></span> <span class='ocrx_word' id='word_1_27' title='bbox 523 428 650 472; x_wconf 90' lang='grc' dir='ltr'><em>δυσὶν</em></span> <span class='ocrx_word' id='word_1_28' title='bbox 671 423 829 484; x_wconf 74' lang='grc' dir='ltr'><em>ὀρθαῖς</em></span> <span class='ocrx_word' id='word_1_29' title='bbox 850 427 960 483; x_wconf 73' lang='grc' dir='ltr'><em>ἴσας,</em></span> <span class='ocrx_word' id='word_1_30' title='bbox 987 427 1188 486; x_wconf 77' lang='grc' dir='ltr'><em>προηδει·</em></span> <span class='ocrx_word' id='word_1_31' title='bbox 1227 424 1290 472; x_wconf 82' lang='grc' dir='ltr'><em>ὅτι</em></span> <span class='ocrx_word' id='word_1_32' title='bbox 1315 428 1359 472; x_wconf 72' lang='grc' dir='ltr'><em>δὲ</em></span> <span class='ocrx_word' id='word_1_33' title='bbox 1378 426 1474 472; x_wconf 87' lang='grc' dir='ltr'><em>τόδε</em></span> <span class='ocrx_word' id='word_1_34' title='bbox 1492 425 1542 472; x_wconf 86' lang='grc' dir='ltr'><em>τὸ</em></span> <span class='ocrx_word' id='word_1_35' title='bbox 1563 428 1606 473; x_wconf 75' lang='grc' dir='ltr'><em>ἐν</em></span> <span class='ocrx_word' id='word_1_36' title='bbox 1622 432 1686 491; x_wconf 74' lang='grc' dir='ltr'><em>τῷ</em></span> 
     </span>
     <span class='ocr_line' id='line_1_5' title="bbox 265 489 1686 555; baseline 0.001 -17"><span class='ocrx_word' id='word_1_37' title='bbox 265 492 506 555; x_wconf 80' lang='grc' dir='ltr'><em>ἡιιικυκλίῳ</em></span> <span class='ocrx_word' id='word_1_38' title='bbox 526 489 732 550; x_wconf 86' lang='grc' dir='ltr'><em>τρίγωνόν</em></span> <span class='ocrx_word' id='word_1_39' title='bbox 752 489 916 546; x_wconf 79' lang='grc' dir='ltr'><em>ἐστιν,’</em></span> <span class='ocrx_word' id='word_1_40' title='bbox 889 510 976 550; x_wconf 88' lang='grc' dir='ltr'><em>αμα</em></span> <span class='ocrx_word' id='word_1_41' title='bbox 994 492 1255 552; x_wconf 78' lang='grc' dir='ltr'><em>ἐπαγόμενος</em></span> <span class='ocrx_word' id='word_1_42' title='bbox 1274 492 1507 552; x_wconf 76' lang='grc' dir='ltr'><em>ἐγνώρισεν.</em></span> <span class='ocrx_word' id='word_1_43' title='bbox 1544 493 1686 551; x_wconf 79' lang='grc' dir='ltr'><em>(ἐνίων</em></span> 
     </span>
     <span class='ocr_line' id='line_1_6' title="bbox 264 554 1687 619; baseline -0.001 -16"><span class='ocrx_word' id='word_1_44' title='bbox 264 556 346 618; x_wconf 73' lang='grc' dir='ltr'><em>γὰρ</em></span> <span class='ocrx_word' id='word_1_45' title='bbox 367 561 526 602; x_wconf 81' lang='grc' dir='ltr'><em>τοῦτον</em></span> <span class='ocrx_word' id='word_1_46' title='bbox 545 554 620 600; x_wconf 88' lang='grc' dir='ltr'><em>τὸν</em></span> <span class='ocrx_word' id='word_1_47' title='bbox 638 554 806 614; x_wconf 79' lang='grc' dir='ltr'><em>τρόπον</em></span> <span class='ocrx_word' id='word_1_48' title='bbox 822 555 850 619; x_wconf 81' lang='grc' dir='ltr'>ὴ</span> <span class='ocrx_word' id='word_1_49' title='bbox 870 557 1062 618; x_wconf 78' lang='grc' dir='ltr'><em>μάθησίς</em></span> <span class='ocrx_word' id='word_1_50' title='bbox 1080 558 1179 612; x_wconf 79' lang='grc' dir='ltr'><em>ἐστι,</em></span> <span class='ocrx_word' id='word_1_51' title='bbox 1197 558 1269 601; x_wconf 83' lang='grc' dir='ltr'><em>καὶ</em></span> <span class='ocrx_word' id='word_1_52' title='bbox 1288 556 1345 602; x_wconf 81' lang='grc' dir='ltr'><em>οὐ</em></span> <span class='ocrx_word' id='word_1_53' title='bbox 1365 555 1435 602; x_wconf 77' lang='grc' dir='ltr'><em>διὰ</em></span> <span class='ocrx_word' id='word_1_54' title='bbox 1455 561 1538 602; x_wconf 81' lang='grc' dir='ltr'><em>τοῦ</em></span> <span class='ocrx_word' id='word_1_55' title='bbox 1549 559 1687 617; x_wconf 80' lang='grc' dir='ltr'><em>μέσου</em></span> 
     </span>
     <span class='ocr_line' id='line_1_7' title="bbox 264 620 1685 684; baseline -0.001 -16"><span class='ocrx_word' id='word_1_56' title='bbox 264 621 314 668; x_wconf 78' lang='grc' dir='ltr'><em>τὸ</em></span> <span class='ocrx_word' id='word_1_57' title='bbox 349 623 523 680; x_wconf 65' lang='grc' dir='ltr'><em>ἔσχατον</em></span> <span class='ocrx_word' id='word_1_58' title='bbox 554 621 820 680; x_wconf 76' lang='grc' dir='ltr'><em>γνωρίζεται,</em></span> <span class='ocrx_word' id='word_1_59' title='bbox 864 620 947 667; x_wconf 83' lang='grc' dir='ltr'><em>ὅσα</em></span> <span class='ocrx_word' id='word_1_60' title='bbox 978 621 1067 684; x_wconf 79' lang='grc' dir='ltr'><em>ἤδη</em></span> <span class='ocrx_word' id='word_1_61' title='bbox 1098 627 1184 668; x_wconf 78' lang='grc' dir='ltr'><em>τῶν</em></span> <span class='ocrx_word' id='word_1_62' title='bbox 1213 621 1314 667; x_wconf 83' lang='grc' dir='ltr'><em>καθ’</em></span> <span class='ocrx_word' id='word_1_63' title='bbox 1347 623 1505 667; x_wconf 71' lang='grc' dir='ltr'><em>ἕκαστα</em></span> <span class='ocrx_word' id='word_1_64' title='bbox 1527 622 1685 682; x_wconf 87' lang='grc' dir='ltr'><em>τυγχά-</em></span> 
     </span>
     <span class='ocr_line' id='line_1_8' title="bbox 264 683 1686 749; baseline 0.001 -17"><span class='ocrx_word' id='word_1_65' title='bbox 264 706 327 732; x_wconf 87' lang='grc' dir='ltr'><em>νει</em></span> <span class='ocrx_word' id='word_1_66' title='bbox 346 685 449 731; x_wconf 81' lang='grc' dir='ltr'><em>ὄντα</em></span> <span class='ocrx_word' id='word_1_67' title='bbox 469 687 540 730; x_wconf 79' lang='grc' dir='ltr'><em>καὶ</em></span> <span class='ocrx_word' id='word_1_68' title='bbox 561 683 620 746; x_wconf 81' lang='grc' dir='ltr'><em>μὴ</em></span> <span class='ocrx_word' id='word_1_69' title='bbox 641 685 742 731; x_wconf 80' lang='grc' dir='ltr'><em>καθ’</em></span> <span class='ocrx_word' id='word_1_70' title='bbox 762 685 1052 747; x_wconf 76' lang='grc' dir='ltr'><em>ὑποκειμένου</em></span> <span class='ocrx_word' id='word_1_71' title='bbox 1073 687 1220 747; x_wconf 82' lang='grc' dir='ltr'><em>τινός.)</em></span> <span class='ocrx_word' id='word_1_72' title='bbox 1265 689 1367 747; x_wconf 79' lang='grc' dir='ltr'><em>πρὶν</em></span> <span class='ocrx_word' id='word_1_73' title='bbox 1386 686 1424 732; x_wconf 79' lang='grc' dir='ltr'><em>δ’</em></span> <span class='ocrx_word' id='word_1_74' title='bbox 1445 688 1686 749; x_wconf 77' lang='grc' dir='ltr'><em>ἐπαχθῆναι</em></span> 
     </span>
     <span class='ocr_line' id='line_1_9' title="bbox 210 750 1684 833; baseline 0.001 -36"><span class='ocrx_word' id='word_1_75' title='bbox 210 771 245 797; x_wconf 84' lang='lat'><em>25</em></span> <span class='ocrx_word' id='word_1_76' title='bbox 266 750 296 813; x_wconf 73' lang='grc' dir='ltr'><em>ἢ</em></span> <span class='ocrx_word' id='word_1_77' title='bbox 323 755 466 809; x_wconf 80' lang='grc' dir='ltr'><em>λαβεῖν</em></span> <span class='ocrx_word' id='word_1_78' title='bbox 494 750 791 810; x_wconf 82' lang='grc' dir='ltr'><em>συλλογισμὸν</em></span> <span class='ocrx_word' id='word_1_79' title='bbox 819 753 981 833; x_wconf 78' lang='grc' dir='ltr'><em>τρόπον</em></span> <span class='ocrx_word' id='word_1_80' title='bbox 998 754 1075 812; x_wconf 84' lang='grc' dir='ltr'><em>μέν</em></span> <span class='ocrx_word' id='word_1_81' title='bbox 1094 771 1188 798; x_wconf 90' lang='grc' dir='ltr'><em>τινα</em></span> <span class='ocrx_word' id='word_1_82' title='bbox 1212 754 1315 808; x_wconf 76' lang='grc' dir='ltr'><em>ἴσως</em></span> <span class='ocrx_word' id='word_1_83' title='bbox 1332 753 1492 812; x_wconf 81' lang='grc' dir='ltr'><em>φατέον</em></span> <span class='ocrx_word' id='word_1_84' title='bbox 1511 753 1684 798; x_wconf 77' lang='grc' dir='ltr'><em>ἐπίστα-</em></span> 
     </span>
     <span class='ocr_line' id='line_1_10' title="bbox 263 815 1684 880; baseline 0.001 -19"><span class='ocrx_word' id='word_1_85' title='bbox 263 822 391 868; x_wconf 86' lang='grc' dir='ltr'><em>σθαι,</em></span> <span class='ocrx_word' id='word_1_86' title='bbox 425 815 591 873; x_wconf 83' lang='grc' dir='ltr'><em>τροπον</em></span> <span class='ocrx_word' id='word_1_87' title='bbox 620 815 658 861; x_wconf 88' lang='lat'><em>6&#39;</em></span> <span class='ocrx_word' id='word_1_88' title='bbox 683 815 817 863; x_wconf 78' lang='grc' dir='ltr'><em>ἄλλον</em></span> <span class='ocrx_word' id='word_1_89' title='bbox 834 817 905 863; x_wconf 77' lang='grc' dir='ltr'><em>οὔ.</em></span> <span class='ocrx_word' id='word_1_90' title='bbox 952 816 977 864; x_wconf 82' lang='lat'><em>6</em></span> <span class='ocrx_word' id='word_1_91' title='bbox 1005 817 1086 880; x_wconf 73' lang='grc' dir='ltr'><em>γάρ</em></span> <span class='ocrx_word' id='word_1_92' title='bbox 1114 817 1172 880; x_wconf 88' lang='grc' dir='ltr'><em>μὴ</em></span> <span class='ocrx_word' id='word_1_93' title='bbox 1201 817 1295 876; x_wconf 74' lang='grc' dir='ltr'><em>ἤδει</em></span> <span class='ocrx_word' id='word_1_94' title='bbox 1328 820 1364 863; x_wconf 85' lang='grc' dir='ltr'><em>εἰ-</em></span> <span class='ocrx_word' id='word_1_95' title='bbox 1385 819 1496 863; x_wconf 84' lang='grc' dir='ltr'><em>ε’στιν</em></span> <span class='ocrx_word' id='word_1_96' title='bbox 1520 816 1684 874; x_wconf 70' lang='grc' dir='ltr'><em>ἁπλοῖς,</em></span> 
     </span>
     <span class='ocr_line' id='line_1_11' title="bbox 261 879 1686 944; baseline 0.001 -18"><span class='ocrx_word' id='word_1_97' title='bbox 261 885 393 926; x_wconf 83' lang='grc' dir='ltr'><em>τοῦτο</em></span> <span class='ocrx_word' id='word_1_98' title='bbox 420 885 514 936; x_wconf 79' lang='grc' dir='ltr'><em>πῶς</em></span> <span class='ocrx_word' id='word_1_99' title='bbox 539 879 634 940; x_wconf 70' lang='grc' dir='ltr'><em>ἤδει</em></span> <span class='ocrx_word' id='word_1_100' title='bbox 663 879 732 927; x_wconf 78' lang='grc' dir='ltr'><em>ὅτι</em></span> <span class='ocrx_word' id='word_1_101' title='bbox 757 882 842 928; x_wconf 86' lang='grc' dir='ltr'><em>δύο</em></span> <span class='ocrx_word' id='word_1_102' title='bbox 865 882 1006 943; x_wconf 76' lang='grc' dir='ltr'><em>ὀρθὰς</em></span> <span class='ocrx_word' id='word_1_103' title='bbox 1033 903 1113 944; x_wconf 87' lang='grc' dir='ltr'><em>εχει</em></span> <span class='ocrx_word' id='word_1_104' title='bbox 1133 882 1305 939; x_wconf 72' lang='grc' dir='ltr'><em>ἁπλῶςς</em></span> <span class='ocrx_word' id='word_1_105' title='bbox 1336 881 1446 928; x_wconf 72' lang='grc' dir='ltr'><em>α’λλά</em></span> <span class='ocrx_word' id='word_1_106' title='bbox 1469 887 1604 944; x_wconf 80' lang='grc' dir='ltr'><em>δηλον</em></span> <span class='ocrx_word' id='word_1_107' title='bbox 1624 902 1686 939; x_wconf 89' lang='grc' dir='ltr'><em>ως</em></span> 
     </span>
     <span class='ocr_line' id='line_1_12' title="bbox 263 945 1685 1004; baseline 0.002 -14"><span class='ocrx_word' id='word_1_108' title='bbox 263 945 340 991; x_wconf 83' lang='grc' dir='ltr'><em>ωδὶ</em></span> <span class='ocrx_word' id='word_1_109' title='bbox 373 963 448 1004; x_wconf 89' lang='grc' dir='ltr'><em>μεν</em></span> <span class='ocrx_word' id='word_1_110' title='bbox 477 946 715 1001; x_wconf 75' lang='grc' dir='ltr'><em>ἐπίσταται,</em></span> <span class='ocrx_word' id='word_1_111' title='bbox 764 966 830 993; x_wconf 89' lang='grc' dir='ltr'><em>οτι</em></span> <span class='ocrx_word' id='word_1_112' title='bbox 863 950 1070 995; x_wconf 82' lang='grc' dir='ltr'><em>καθόλου</em></span> <span class='ocrx_word' id='word_1_113' title='bbox 1089 950 1325 1003; x_wconf 78' lang='grc' dir='ltr'><em>ἐπίσταται,</em></span> <span class='ocrx_word' id='word_1_114' title='bbox 1371 947 1519 1004; x_wconf 76' lang='grc' dir='ltr'><em>άπλως</em></span> <span class='ocrx_word' id='word_1_115' title='bbox 1541 948 1579 994; x_wconf 84' lang='grc' dir='ltr'><em>δ’</em></span> <span class='ocrx_word' id='word_1_116' title='bbox 1599 947 1685 995; x_wconf 82' lang='grc' dir='ltr'><em>οὐκ</em></span> 
     </span>
     <span class='ocr_line' id='line_1_13' title="bbox 261 1011 1684 1093; baseline 0.002 -38"><span class='ocrx_word' id='word_1_117' title='bbox 261 1012 490 1057; x_wconf 81' lang='grc' dir='ltr'><em>ἐπίσταται.</em></span> <span class='ocrx_word' id='word_1_118' title='bbox 535 1013 573 1057; x_wconf 88' lang='grc' dir='ltr'><em>εἰ</em></span> <span class='ocrx_word' id='word_1_119' title='bbox 590 1013 636 1056; x_wconf 89' lang='grc' dir='ltr'><em>δε</em></span> <span class='ocrx_word' id='word_1_120' title='bbox 655 1031 733 1072; x_wconf 84' lang='grc' dir='ltr'><em>μη,</em></span> <span class='ocrx_word' id='word_1_121' title='bbox 762 1011 814 1058; x_wconf 88' lang='grc' dir='ltr'><em>τὸ</em></span> <span class='ocrx_word' id='word_1_122' title='bbox 840 1014 883 1058; x_wconf 77' lang='grc' dir='ltr'><em>ἐν</em></span> <span class='ocrx_word' id='word_1_123' title='bbox 902 1018 966 1077; x_wconf 79' lang='grc' dir='ltr'>τοῖ</span> <span class='ocrx_word' id='word_1_124' title='bbox 985 1014 1155 1059; x_wconf 82' lang='grc' dir='ltr'><em>Μένωνι</em></span> <span class='ocrx_word' id='word_1_125' title='bbox 1180 1012 1387 1074; x_wconf 81' lang='grc' dir='ltr'><em>απόρημα</em></span> <span class='ocrx_word' id='word_1_126' title='bbox 1408 1013 1684 1093; x_wconf 80' lang='grc' dir='ltr'><em>συμβήσεται·</em></span> 
     </span>
     <span class='ocr_line' id='line_1_14' title="bbox 211 1059 1687 1140; baseline 0.003 -21"><span class='ocrx_word' id='word_1_127' title='bbox 211 1093 246 1119; x_wconf 80' lang='lat'><em>80</em></span> <span class='ocrx_word' id='word_1_128' title='bbox 261 1073 294 1137; x_wconf 78' lang='grc' dir='ltr'>ἦ</span> <span class='ocrx_word' id='word_1_129' title='bbox 320 1074 403 1136; x_wconf 75' lang='grc' dir='ltr'><em>γάρ</em></span> <span class='ocrx_word' id='word_1_130' title='bbox 432 1075 564 1122; x_wconf 80' lang='grc' dir='ltr'><em>οὕδεν</em></span> <span class='ocrx_word' id='word_1_131' title='bbox 589 1076 871 1140; x_wconf 80' lang='grc' dir='ltr'><em>μαθήσεται</em></span> <span class='ocrx_word' id='word_1_132' title='bbox 850 1098 879 1138; x_wconf 82' lang='grc' dir='ltr'><em>η</em></span> <span class='ocrx_word' id='word_1_133' title='bbox 904 1078 931 1124; x_wconf 78' lang='grc' dir='ltr'><em>οἳ</em></span> <span class='ocrx_word' id='word_1_134' title='bbox 934 1059 1080 1125; x_wconf 82' lang='grc' dir='ltr'><em>οἶδεν.</em></span> <span class='ocrx_word' id='word_1_135' title='bbox 1129 1077 1187 1125; x_wconf 77' lang='grc' dir='ltr'><em>οὐ</em></span> <span class='ocrx_word' id='word_1_136' title='bbox 1210 1077 1291 1138; x_wconf 78' lang='grc' dir='ltr'><em>γάρ</em></span> <span class='ocrx_word' id='word_1_137' title='bbox 1319 1077 1396 1139; x_wconf 79' lang='grc' dir='ltr'><em>δή,</em></span> <span class='ocrx_word' id='word_1_138' title='bbox 1432 1075 1490 1133; x_wconf 86' lang='grc' dir='ltr'><em>ώς</em></span> <span class='ocrx_word' id='word_1_139' title='bbox 1508 1079 1554 1138; x_wconf 81' lang='grc' dir='ltr'><em>γέ</em></span> <span class='ocrx_word' id='word_1_140' title='bbox 1575 1095 1687 1134; x_wconf 90' lang='grc' dir='ltr'><em>τινες</em></span> 
     </span>
     <span class='ocr_line' id='line_1_15' title="bbox 260 1137 1686 1203; baseline 0.001 -16"><span class='ocrx_word' id='word_1_141' title='bbox 260 1142 500 1201; x_wconf 76' lang='grc' dir='ltr'><em>ἐγχειροῦσι</em></span> <span class='ocrx_word' id='word_1_142' title='bbox 527 1140 670 1195; x_wconf 86' lang='grc' dir='ltr'><em>λύειν,</em></span> <span class='ocrx_word' id='word_1_143' title='bbox 705 1144 888 1189; x_wconf 80' lang='grc' dir='ltr'><em>λεκτέον.</em></span> <span class='ocrx_word' id='word_1_144' title='bbox 943 1137 1042 1203; x_wconf 86' lang='grc' dir='ltr'><em>,,αρ’</em></span> <span class='ocrx_word' id='word_1_145' title='bbox 1079 1141 1202 1200; x_wconf 81' lang='grc' dir='ltr'><em>οἶδας</em></span> <span class='ocrx_word' id='word_1_146' title='bbox 1241 1141 1414 1188; x_wconf 80' lang='grc' dir='ltr'><em>άπασαν</em></span> <span class='ocrx_word' id='word_1_147' title='bbox 1442 1143 1585 1188; x_wconf 89' lang='grc' dir='ltr'><em>δυάδα</em></span> <span class='ocrx_word' id='word_1_148' title='bbox 1620 1140 1686 1189; x_wconf 81' lang='grc' dir='ltr'><em>ὅτι</em></span> 
     </span>
     <span class='ocr_line' id='line_1_16' title="bbox 260 1204 1687 1290; baseline 0.001 -38"><span class='ocrx_word' id='word_1_149' title='bbox 260 1205 384 1266; x_wconf 83' lang='grc' dir='ltr'><em>άρτία</em></span> <span class='ocrx_word' id='word_1_150' title='bbox 397 1204 430 1268; x_wconf 73' lang='grc' dir='ltr'><em>ἢ</em></span> <span class='ocrx_word' id='word_1_151' title='bbox 446 1204 556 1259; x_wconf 74' lang='grc' dir='ltr'><em>οὔ,·”</em></span> <span class='ocrx_word' id='word_1_152' title='bbox 588 1208 811 1268; x_wconf 86' lang='grc' dir='ltr'><em>φήσαντος</em></span> <span class='ocrx_word' id='word_1_153' title='bbox 823 1210 869 1254; x_wconf 87' lang='grc' dir='ltr'><em>δε</em></span> <span class='ocrx_word' id='word_1_154' title='bbox 881 1209 1165 1290; x_wconf 78' lang='grc' dir='ltr'><em>προήνεγκάν</em></span> <span class='ocrx_word' id='word_1_155' title='bbox 1169 1226 1265 1255; x_wconf 87' lang='grc' dir='ltr'><em>τινα</em></span> <span class='ocrx_word' id='word_1_156' title='bbox 1278 1205 1450 1254; x_wconf 80' lang='grc' dir='ltr'><em>δυάδα</em></span> <span class='ocrx_word' id='word_1_157' title='bbox 1430 1207 1487 1270; x_wconf 71' lang='grc' dir='ltr'><em>ἠν</em></span> <span class='ocrx_word' id='word_1_158' title='bbox 1499 1227 1585 1254; x_wconf 85' lang='grc' dir='ltr'><em>ουκ</em></span> <span class='ocrx_word' id='word_1_159' title='bbox 1596 1206 1687 1272; x_wconf 56' lang='grc' dir='ltr'><em>οἴετ’</em></span> 
     </span>
     <span class='ocr_line' id='line_1_17' title="bbox 260 1269 1685 1339; baseline 0.001 -21"><span class='ocrx_word' id='word_1_160' title='bbox 260 1269 380 1328; x_wconf 80' lang='grc' dir='ltr'><em>εἶναι,</em></span> <span class='ocrx_word' id='word_1_161' title='bbox 402 1269 504 1318; x_wconf 69' lang='lat'><em>0261?</em></span> <span class='ocrx_word' id='word_1_162' title='bbox 516 1271 613 1318; x_wconf 87' lang='lat' dir='ltr'><em>ov6&#39;</em></span> <span class='ocrx_word' id='word_1_163' title='bbox 625 1272 785 1339; x_wconf 77' lang='grc' dir='ltr'><em>άρτίαν.</em></span> <span class='ocrx_word' id='word_1_164' title='bbox 821 1274 982 1321; x_wconf 83' lang='grc' dir='ltr'><em>λύουσι</em></span> <span class='ocrx_word' id='word_1_165' title='bbox 1001 1273 1083 1334; x_wconf 73' lang='grc' dir='ltr'><em>γάρ</em></span> <span class='ocrx_word' id='word_1_166' title='bbox 1105 1273 1165 1320; x_wconf 74' lang='grc' dir='ltr'><em>οὐ</em></span> <span class='ocrx_word' id='word_1_167' title='bbox 1177 1273 1416 1334; x_wconf 81' lang='grc' dir='ltr'><em>φάσκοντες</em></span> <span class='ocrx_word' id='word_1_168' title='bbox 1434 1274 1588 1319; x_wconf 88' lang='grc' dir='ltr'><em>ειδεναι</em></span> <span class='ocrx_word' id='word_1_169' title='bbox 1599 1288 1685 1319; x_wconf 85' lang='grc' dir='ltr'><em>πα-</em></span> 
     </span>
     <span class='ocr_line' id='line_1_18' title="bbox 261 1328 1687 1405; baseline 0.001 -22"><span class='ocrx_word' id='word_1_170' title='bbox 261 1349 344 1384; x_wconf 87' lang='grc' dir='ltr'><em>σαν</em></span> <span class='ocrx_word' id='word_1_171' title='bbox 375 1337 519 1384; x_wconf 87' lang='grc' dir='ltr'><em>δυάδα</em></span> <span class='ocrx_word' id='word_1_172' title='bbox 545 1336 696 1405; x_wconf 88' lang='grc' dir='ltr'><em>αρτίαν</em></span> <span class='ocrx_word' id='word_1_173' title='bbox 724 1340 886 1395; x_wconf 87' lang='grc' dir='ltr'><em>οὐσαν,</em></span> <span class='ocrx_word' id='word_1_174' title='bbox 922 1339 1014 1385; x_wconf 67' lang='lat' dir='ltr'><em>om?</em></span> <span class='ocrx_word' id='word_1_175' title='bbox 1034 1339 1090 1402; x_wconf 80' lang='grc' dir='ltr'><em>ἣν</em></span> <span class='ocrx_word' id='word_1_176' title='bbox 1112 1342 1255 1386; x_wconf 78' lang='grc' dir='ltr'><em>ἴσασιν</em></span> <span class='ocrx_word' id='word_1_177' title='bbox 1284 1337 1350 1385; x_wconf 80' lang='grc' dir='ltr'><em>ὅτι</em></span> <span class='ocrx_word' id='word_1_178' title='bbox 1373 1328 1495 1395; x_wconf 81' lang='grc' dir='ltr'><em>δυάς.</em></span> <span class='ocrx_word' id='word_1_179' title='bbox 1546 1340 1687 1384; x_wconf 87' lang='grc' dir='ltr'><em>καίτοι</em></span> 
     </span>
     <span class='ocr_line' id='line_1_19' title="bbox 221 1397 1685 1471; baseline 0.001 -23"><span class='ocrx_word' id='word_1_180' title='bbox 221 1413 245 1446; x_wconf 88' lang='lat' dir='ltr'><strong>b</strong></span> <span class='ocrx_word' id='word_1_181' title='bbox 262 1404 381 1450; x_wconf 80' lang='grc' dir='ltr'><em>ἴσασι</em></span> <span class='ocrx_word' id='word_1_182' title='bbox 401 1421 479 1462; x_wconf 89' lang='grc' dir='ltr'><em>μεν</em></span> <span class='ocrx_word' id='word_1_183' title='bbox 507 1397 647 1463; x_wconf 76' lang='grc' dir='ltr'><em>οὗπερ</em></span> <span class='ocrx_word' id='word_1_184' title='bbox 667 1403 764 1471; x_wconf 77' lang='grc' dir='ltr'><em>τὴν</em></span> <span class='ocrx_word' id='word_1_185' title='bbox 769 1403 1036 1460; x_wconf 71' lang='grc' dir='ltr'><em>α’πόδειξιν”</em></span> <span class='ocrx_word' id='word_1_186' title='bbox 1012 1419 1158 1466; x_wconf 87' lang='grc' dir='ltr'><em>εχουσι</em></span> <span class='ocrx_word' id='word_1_187' title='bbox 1182 1406 1255 1450; x_wconf 86' lang='grc' dir='ltr'><em>καὶ</em></span> <span class='ocrx_word' id='word_1_188' title='bbox 1284 1398 1341 1450; x_wconf 79' lang='grc' dir='ltr'><em>οὗ</em></span> <span class='ocrx_word' id='word_1_189' title='bbox 1370 1404 1542 1464; x_wconf 73' lang='grc' dir='ltr'><em>ἔλαβον,</em></span> <span class='ocrx_word' id='word_1_190' title='bbox 1589 1405 1685 1450; x_wconf 83' lang='grc' dir='ltr'><em>ε’λα-</em></span> 
     </span>
     <span class='ocr_line' id='line_1_20' title="bbox 258 1467 1684 1532; baseline 0.001 -18"><span class='ocrx_word' id='word_1_191' title='bbox 258 1473 339 1529; x_wconf 89' lang='grc' dir='ltr'><em>βον</em></span> <span class='ocrx_word' id='word_1_192' title='bbox 357 1467 396 1515; x_wconf 81' lang='grc' dir='ltr'><em>δ’</em></span> <span class='ocrx_word' id='word_1_193' title='bbox 415 1468 514 1528; x_wconf 82' lang='grc' dir='ltr'><em>οὐχὶ</em></span> <span class='ocrx_word' id='word_1_194' title='bbox 526 1467 689 1526; x_wconf 83' lang='grc' dir='ltr'><em>παντὸς</em></span> <span class='ocrx_word' id='word_1_195' title='bbox 706 1472 763 1516; x_wconf 85' lang='grc' dir='ltr'><em>οὐ</em></span> <span class='ocrx_word' id='word_1_196' title='bbox 790 1469 844 1517; x_wconf 73' lang='grc' dir='ltr'><em>άν</em></span> <span class='ocrx_word' id='word_1_197' title='bbox 861 1469 1080 1517; x_wconf 72' lang='grc' dir='ltr'><em>ειδωσιν“</em></span> <span class='ocrx_word' id='word_1_198' title='bbox 1054 1490 1117 1517; x_wconf 91' lang='grc' dir='ltr'><em>οτι</em></span> <span class='ocrx_word' id='word_1_199' title='bbox 1133 1467 1380 1532; x_wconf 78' lang='grc' dir='ltr'><em>τρίγωνονῆ</em></span> <span class='ocrx_word' id='word_1_200' title='bbox 1398 1467 1465 1516; x_wconf 83' lang='grc' dir='ltr'><em>ὅτι</em></span> <span class='ocrx_word' id='word_1_201' title='bbox 1484 1468 1684 1528; x_wconf 79' lang='grc' dir='ltr'><em>άριθμός,</em></span> 
     </span>
     <span class='ocr_line' id='line_1_21' title="bbox 261 1532 1686 1596; baseline 0 -16"><span class='ocrx_word' id='word_1_202' title='bbox 261 1532 356 1580; x_wconf 75' lang='grc' dir='ltr'><em>ἄλλ’</em></span> <span class='ocrx_word' id='word_1_203' title='bbox 386 1532 536 1590; x_wconf 77' lang='grc' dir='ltr'><em>άπλως</em></span> <span class='ocrx_word' id='word_1_204' title='bbox 563 1534 672 1580; x_wconf 77' lang='grc' dir='ltr'><em>κατὰ</em></span> <span class='ocrx_word' id='word_1_205' title='bbox 701 1534 865 1592; x_wconf 80' lang='grc' dir='ltr'><em>παντὸς</em></span> <span class='ocrx_word' id='word_1_206' title='bbox 894 1535 1091 1595; x_wconf 68' lang='grc' dir='ltr'><em>ἀριθμοῦ</em></span> <span class='ocrx_word' id='word_1_207' title='bbox 1117 1538 1189 1582; x_wconf 84' lang='grc' dir='ltr'><em>καὶ</em></span> <span class='ocrx_word' id='word_1_208' title='bbox 1218 1534 1451 1596; x_wconf 72' lang='grc' dir='ltr'><em>τριγώνου·</em></span> <span class='ocrx_word' id='word_1_209' title='bbox 1504 1533 1686 1593; x_wconf 83' lang='grc' dir='ltr'><em>ουδεμία</em></span> 
     </span>
     <span class='ocr_line' id='line_1_22' title="bbox 258 1597 1686 1682; baseline 0 -37"><span class='ocrx_word' id='word_1_210' title='bbox 258 1599 342 1661; x_wconf 76' lang='grc' dir='ltr'><em>γάρ</em></span> <span class='ocrx_word' id='word_1_211' title='bbox 375 1600 588 1682; x_wconf 78' lang='grc' dir='ltr'><em>πρότασις</em></span> <span class='ocrx_word' id='word_1_212' title='bbox 619 1601 875 1660; x_wconf 81' lang='grc' dir='ltr'><em>λαμβάνεται</em></span> <span class='ocrx_word' id='word_1_213' title='bbox 908 1602 1111 1663; x_wconf 82' lang='grc' dir='ltr'><em>τοιαύτη,</em></span> <span class='ocrx_word' id='word_1_214' title='bbox 1155 1599 1221 1646; x_wconf 80' lang='grc' dir='ltr'><em>ὅτι</em></span> <span class='ocrx_word' id='word_1_215' title='bbox 1254 1599 1306 1646; x_wconf 82' lang='grc' dir='ltr'><em>ὃν</em></span> <span class='ocrx_word' id='word_1_216' title='bbox 1339 1598 1399 1645; x_wconf 84' lang='grc' dir='ltr'><strong>σύ</strong></span> <span class='ocrx_word' id='word_1_217' title='bbox 1435 1597 1558 1656; x_wconf 82' lang='grc' dir='ltr'><em>οἶδας</em></span> <span class='ocrx_word' id='word_1_218' title='bbox 1591 1599 1686 1658; x_wconf 78' lang='grc' dir='ltr'><em>ἄρι-</em></span> 
     </span>
     <span class='ocr_line' id='line_1_23' title="bbox 225 1663 1687 1728; baseline -0.001 -17"><span class='ocrx_word' id='word_1_219' title='bbox 225 1684 243 1711; x_wconf 83' lang='lat'>5</span> <span class='ocrx_word' id='word_1_220' title='bbox 258 1663 377 1726; x_wconf 86' lang='grc' dir='ltr'><em>θμὸν</em></span> <span class='ocrx_word' id='word_1_221' title='bbox 402 1663 431 1727; x_wconf 80' lang='grc' dir='ltr'><em>ἢ</em></span> <span class='ocrx_word' id='word_1_222' title='bbox 466 1663 494 1711; x_wconf 88' lang='lat'><em>6</em></span> <span class='ocrx_word' id='word_1_223' title='bbox 527 1664 587 1711; x_wconf 79' lang='grc' dir='ltr'><em>σύ</em></span> <span class='ocrx_word' id='word_1_224' title='bbox 615 1663 739 1722; x_wconf 81' lang='grc' dir='ltr'><em>οἶδας</em></span> <span class='ocrx_word' id='word_1_225' title='bbox 761 1665 1087 1728; x_wconf 77' lang='grc' dir='ltr'><em>εὐθύγραμμον,</em></span> <span class='ocrx_word' id='word_1_226' title='bbox 1111 1665 1220 1712; x_wconf 73' lang='grc' dir='ltr'><em>ἄλλά</em></span> <span class='ocrx_word' id='word_1_227' title='bbox 1243 1663 1352 1711; x_wconf 76' lang='grc' dir='ltr'><em>κατὰ</em></span> <span class='ocrx_word' id='word_1_228' title='bbox 1375 1665 1550 1721; x_wconf 85' lang='grc' dir='ltr'><em>παντός.</em></span> <span class='ocrx_word' id='word_1_229' title='bbox 1594 1663 1687 1710; x_wconf 78' lang='grc' dir='ltr'><em>ἄλλ’</em></span> 
     </span>
     <span class='ocr_line' id='line_1_24' title="bbox 258 1727 1687 1813; baseline -0.001 -36"><span class='ocrx_word' id='word_1_230' title='bbox 258 1730 393 1777; x_wconf 72' lang='grc' dir='ltr'><em>οὐδέν</em></span> <span class='ocrx_word' id='word_1_231' title='bbox 414 1727 573 1790; x_wconf 79' lang='grc' dir='ltr'><em>(οἶμαι)</em></span> <span class='ocrx_word' id='word_1_232' title='bbox 595 1731 767 1786; x_wconf 78' lang='grc' dir='ltr'><em>κωλύει,</em></span> <span class='ocrx_word' id='word_1_233' title='bbox 801 1729 827 1776; x_wconf 93' lang='lat'><em>6</em></span> <span class='ocrx_word' id='word_1_234' title='bbox 845 1733 1072 1813; x_wconf 82' lang='grc' dir='ltr'><em>μανθάνει,</em></span> <span class='ocrx_word' id='word_1_235' title='bbox 1095 1733 1207 1777; x_wconf 83' lang='grc' dir='ltr'><em>ε’στιν</em></span> <span class='ocrx_word' id='word_1_236' title='bbox 1225 1750 1283 1787; x_wconf 87' lang='grc' dir='ltr'><em>ως</em></span> <span class='ocrx_word' id='word_1_237' title='bbox 1296 1732 1565 1785; x_wconf 80' lang='grc' dir='ltr'><em>ἐπίστασθαι,</em></span> <span class='ocrx_word' id='word_1_238' title='bbox 1599 1731 1687 1776; x_wconf 79' lang='grc' dir='ltr'><em>ε’στι</em></span> 
     </span>
     <span class='ocr_line' id='line_1_25' title="bbox 258 1793 1687 1862; baseline -0.002 -19"><span class='ocrx_word' id='word_1_239' title='bbox 258 1796 298 1843; x_wconf 87' lang='grc' dir='ltr'><em>δ’</em></span> <span class='ocrx_word' id='word_1_240' title='bbox 319 1815 381 1851; x_wconf 85' lang='grc' dir='ltr'><em>ως</em></span> <span class='ocrx_word' id='word_1_241' title='bbox 404 1794 602 1862; x_wconf 88' lang='grc' dir='ltr'><em>αγνοεῖν·</em></span> <span class='ocrx_word' id='word_1_242' title='bbox 629 1794 791 1842; x_wconf 83' lang='grc' dir='ltr'><em>άτοπον</em></span> <span class='ocrx_word' id='word_1_243' title='bbox 807 1795 889 1856; x_wconf 77' lang='grc' dir='ltr'><em>γάρ</em></span> <span class='ocrx_word' id='word_1_244' title='bbox 909 1815 996 1842; x_wconf 87' lang='grc' dir='ltr'><em>ουκ</em></span> <span class='ocrx_word' id='word_1_245' title='bbox 1021 1798 1058 1843; x_wconf 86' lang='grc' dir='ltr'><em>εἰ</em></span> <span class='ocrx_word' id='word_1_246' title='bbox 1077 1794 1167 1842; x_wconf 80' lang='grc' dir='ltr'><em>οἶδέ</em></span> <span class='ocrx_word' id='word_1_247' title='bbox 1179 1810 1270 1851; x_wconf 81' lang='grc' dir='ltr'><em>πως</em></span> <span class='ocrx_word' id='word_1_248' title='bbox 1289 1793 1314 1841; x_wconf 91' lang='lat'><em>6</em></span> <span class='ocrx_word' id='word_1_249' title='bbox 1335 1794 1559 1854; x_wconf 82' lang='grc' dir='ltr'><em>μανθάνει,</em></span> <span class='ocrx_word' id='word_1_250' title='bbox 1593 1793 1687 1840; x_wconf 78' lang='grc' dir='ltr'><em>ἄλλ’</em></span> 
     </span>
     <span class='ocr_line' id='line_1_26' title="bbox 260 1860 1016 1920; baseline -0.001 -12"><span class='ocrx_word' id='word_1_251' title='bbox 260 1864 297 1909; x_wconf 81' lang='grc' dir='ltr'><em>εἰ</em></span> <span class='ocrx_word' id='word_1_252' title='bbox 317 1861 420 1916; x_wconf 85' lang='grc' dir='ltr'><em>ωδί,</em></span> <span class='ocrx_word' id='word_1_253' title='bbox 455 1867 549 1907; x_wconf 83' lang='grc' dir='ltr'><em>οἱον</em></span> <span class='ocrx_word' id='word_1_254' title='bbox 572 1863 601 1920; x_wconf 72' lang='grc' dir='ltr'>ᾑ</span> <span class='ocrx_word' id='word_1_255' title='bbox 623 1861 834 1920; x_wconf 86' lang='grc' dir='ltr'><em>μανθάνει</em></span> <span class='ocrx_word' id='word_1_256' title='bbox 855 1864 928 1907; x_wconf 81' lang='grc' dir='ltr'><em>καὶ</em></span> <span class='ocrx_word' id='word_1_257' title='bbox 945 1860 1016 1918; x_wconf 70' lang='grc' dir='ltr'><em>ὥς.</em></span> 
     </span>
     <span class='ocr_line' id='line_1_27' title="bbox 211 1922 1687 1986; baseline 0.001 -17"><span class='ocrx_word' id='word_1_258' title='bbox 211 1927 241 1969; x_wconf 86' lang='lat'><strong>2</strong></span> <span class='ocrx_word' id='word_1_259' title='bbox 359 1926 646 1973; x_wconf 71' lang='grc' dir='ltr'><em>Ἐπίστασθαι</em></span> <span class='ocrx_word' id='word_1_260' title='bbox 675 1929 722 1973; x_wconf 84' lang='grc' dir='ltr'><em>δε</em></span> <span class='ocrx_word' id='word_1_261' title='bbox 750 1926 922 1986; x_wconf 77' lang='grc' dir='ltr'><em>οἰόμεθ’</em></span> <span class='ocrx_word' id='word_1_262' title='bbox 951 1929 1141 1973; x_wconf 74' lang='grc' dir='ltr'><em>ἕκαστον</em></span> <span class='ocrx_word' id='word_1_263' title='bbox 1157 1924 1327 1981; x_wconf 74' lang='grc' dir='ltr'><em>ἁπλῶς,</em></span> <span class='ocrx_word' id='word_1_264' title='bbox 1383 1923 1493 1970; x_wconf 77' lang='grc' dir='ltr'><em>άλλά</em></span> <span class='ocrx_word' id='word_1_265' title='bbox 1523 1922 1583 1986; x_wconf 86' lang='grc' dir='ltr'><em>μὴ</em></span> <span class='ocrx_word' id='word_1_266' title='bbox 1609 1922 1687 1970; x_wconf 83' lang='grc' dir='ltr'><em>τὸν</em></span> 
     </span>
     <span class='ocr_line' id='line_1_28' title="bbox 211 1988 1686 2054; baseline 0.001 -20"><span class='ocrx_word' id='word_1_267' title='bbox 211 2006 244 2033; x_wconf 90' lang='lat'><em>10</em></span> <span class='ocrx_word' id='word_1_268' title='bbox 259 1990 516 2051; x_wconf 80' lang='grc' dir='ltr'><em>σοφιστικὸν</em></span> <span class='ocrx_word' id='word_1_269' title='bbox 542 1993 706 2051; x_wconf 75' lang='grc' dir='ltr'><em>τρόπον</em></span> <span class='ocrx_word' id='word_1_270' title='bbox 725 1991 801 2039; x_wconf 85' lang='grc' dir='ltr'><em>τὸν</em></span> <span class='ocrx_word' id='word_1_271' title='bbox 820 1992 928 2039; x_wconf 78' lang='grc' dir='ltr'><em>κατὰ</em></span> <span class='ocrx_word' id='word_1_272' title='bbox 948 1991 1239 2054; x_wconf 81' lang='grc' dir='ltr'><em>συμβεβηκός,</em></span> <span class='ocrx_word' id='word_1_273' title='bbox 1271 1988 1377 2036; x_wconf 79' lang='grc' dir='ltr'><em>ὅταν</em></span> <span class='ocrx_word' id='word_1_274' title='bbox 1400 1990 1478 2051; x_wconf 88' lang='grc' dir='ltr'><em>τήν</em></span> <span class='ocrx_word' id='word_1_275' title='bbox 1495 1989 1529 2035; x_wconf 83' lang='grc' dir='ltr'><em>τ’</em></span> <span class='ocrx_word' id='word_1_276' title='bbox 1547 1991 1686 2036; x_wconf 85' lang='grc' dir='ltr'><em>αἰτίαν</em></span> 
     </span>
     <span class='ocr_line' id='line_1_29' title="bbox 259 2053 1686 2121; baseline -0.001 -19"><span class='ocrx_word' id='word_1_277' title='bbox 259 2057 457 2116; x_wconf 81' lang='grc' dir='ltr'><em>οιωμεθα</em></span> <span class='ocrx_word' id='word_1_278' title='bbox 477 2058 699 2119; x_wconf 80' lang='grc' dir='ltr'><em>γινώσκειν</em></span> <span class='ocrx_word' id='word_1_279' title='bbox 718 2057 773 2105; x_wconf 80' lang='grc' dir='ltr'><em>δι’</em></span> <span class='ocrx_word' id='word_1_280' title='bbox 794 2058 849 2121; x_wconf 79' lang='grc' dir='ltr'><em>ἣν</em></span> <span class='ocrx_word' id='word_1_281' title='bbox 867 2057 917 2105; x_wconf 84' lang='grc' dir='ltr'><em>τὸ</em></span> <span class='ocrx_word' id='word_1_282' title='bbox 936 2058 1110 2119; x_wconf 75' lang='grc' dir='ltr'><em>πρᾶγμά</em></span> <span class='ocrx_word' id='word_1_283' title='bbox 1134 2059 1257 2114; x_wconf 84' lang='grc' dir='ltr'><em>ἐστιν,</em></span> <span class='ocrx_word' id='word_1_284' title='bbox 1293 2053 1362 2102; x_wconf 80' lang='grc' dir='ltr'><em>ὅτι</em></span> <span class='ocrx_word' id='word_1_285' title='bbox 1381 2056 1551 2101; x_wconf 73' lang='grc' dir='ltr'><em>ἐκείνου</em></span> <span class='ocrx_word' id='word_1_286' title='bbox 1574 2055 1686 2101; x_wconf 85' lang='grc' dir='ltr'><em>αἰτία</em></span> 
     </span>
     <span class='ocr_line' id='line_1_30' title="bbox 258 2118 1687 2186; baseline -0.002 -18"><span class='ocrx_word' id='word_1_287' title='bbox 258 2123 358 2178; x_wconf 78' lang='grc' dir='ltr'><em>ἐστί,</em></span> <span class='ocrx_word' id='word_1_288' title='bbox 392 2125 464 2169; x_wconf 83' lang='grc' dir='ltr'><em>καὶ</em></span> <span class='ocrx_word' id='word_1_289' title='bbox 481 2121 542 2186; x_wconf 84' lang='grc' dir='ltr'><em>μὴ</em></span> <span class='ocrx_word' id='word_1_290' title='bbox 564 2124 810 2183; x_wconf 76' lang='grc' dir='ltr'><em>ἐνδέχεσθαι</em></span> <span class='ocrx_word' id='word_1_291' title='bbox 829 2129 914 2170; x_wconf 75' lang='grc' dir='ltr'><em>τοῦ</em></span> <span class='ocrx_word' id='word_1_292' title='bbox 914 2123 950 2170; x_wconf 83' lang='grc' dir='ltr'><em>τ’</em></span> <span class='ocrx_word' id='word_1_293' title='bbox 969 2123 1144 2180; x_wconf 76' lang='grc' dir='ltr'><em>άλλως’</em></span> <span class='ocrx_word' id='word_1_294' title='bbox 1131 2141 1248 2183; x_wconf 87' lang='grc' dir='ltr'><em>εχειν.</em></span> <span class='ocrx_word' id='word_1_295' title='bbox 1293 2124 1430 2182; x_wconf 79' lang='grc' dir='ltr'><em>δῆλον</em></span> <span class='ocrx_word' id='word_1_296' title='bbox 1449 2122 1599 2166; x_wconf 87' lang='grc' dir='ltr'><em>τοίνυν</em></span> <span class='ocrx_word' id='word_1_297' title='bbox 1621 2118 1687 2166; x_wconf 81' lang='grc' dir='ltr'><em>ὅτι</em></span> 
     </span>
     <span class='ocr_line' id='line_1_31' title="bbox 257 2185 1687 2250; baseline -0.003 -16"><span class='ocrx_word' id='word_1_298' title='bbox 257 2188 462 2235; x_wconf 83' lang='grc' dir='ltr'><em>τοιοῦτόν</em></span> <span class='ocrx_word' id='word_1_299' title='bbox 477 2207 517 2235; x_wconf 92' lang='grc' dir='ltr'><em>τι</em></span> <span class='ocrx_word' id='word_1_300' title='bbox 534 2207 584 2235; x_wconf 87' lang='grc' dir='ltr'><em>το</em></span> <span class='ocrx_word' id='word_1_301' title='bbox 571 2187 856 2236; x_wconf 78' lang='grc' dir='ltr'><em>ἐπίστασθαί</em></span> <span class='ocrx_word' id='word_1_302' title='bbox 865 2191 973 2236; x_wconf 80' lang='grc' dir='ltr'><em>ἐστι·</em></span> <span class='ocrx_word' id='word_1_303' title='bbox 1009 2192 1080 2236; x_wconf 83' lang='grc' dir='ltr'><em>καὶ</em></span> <span class='ocrx_word' id='word_1_304' title='bbox 1099 2187 1180 2250; x_wconf 78' lang='grc' dir='ltr'><em>γὰρ</em></span> <span class='ocrx_word' id='word_1_305' title='bbox 1201 2190 1243 2234; x_wconf 91' lang='grc' dir='ltr'><em>οι</em></span> <span class='ocrx_word' id='word_1_306' title='bbox 1259 2185 1318 2248; x_wconf 80' lang='grc' dir='ltr'><em>μὴ</em></span> <span class='ocrx_word' id='word_1_307' title='bbox 1335 2186 1600 2244; x_wconf 74' lang='grc' dir='ltr'><em>ἐπιστάμενοι</em></span> <span class='ocrx_word' id='word_1_308' title='bbox 1613 2186 1687 2231; x_wconf 82' lang='grc' dir='ltr'><em>καὶ</em></span> 
     </span>
     <span class='ocr_line' id='line_1_32' title="bbox 259 2250 1686 2314; baseline -0.001 -16"><span class='ocrx_word' id='word_1_309' title='bbox 259 2254 301 2298; x_wconf 92' lang='grc' dir='ltr'><em>οι</em></span> <span class='ocrx_word' id='word_1_310' title='bbox 322 2254 589 2313; x_wconf 78' lang='grc' dir='ltr'><em>ἐπιστάμενοι</em></span> <span class='ocrx_word' id='word_1_311' title='bbox 611 2256 654 2300; x_wconf 80' lang='grc' dir='ltr'><em>οἱ</em></span> <span class='ocrx_word' id='word_1_312' title='bbox 671 2274 748 2314; x_wconf 91' lang='grc' dir='ltr'><em>μεν</em></span> <span class='ocrx_word' id='word_1_313' title='bbox 767 2258 930 2301; x_wconf 92' lang='grc' dir='ltr'><em>οιονται</em></span> <span class='ocrx_word' id='word_1_314' title='bbox 950 2254 1077 2301; x_wconf 70' lang='grc' dir='ltr'><em>αὐτοὶ</em></span> <span class='ocrx_word' id='word_1_315' title='bbox 1097 2252 1238 2310; x_wconf 75' lang='grc' dir='ltr'><em>οὕτως</em></span> <span class='ocrx_word' id='word_1_316' title='bbox 1256 2254 1374 2312; x_wconf 88' lang='grc' dir='ltr'><em>ε’χειν,</em></span> <span class='ocrx_word' id='word_1_317' title='bbox 1404 2253 1446 2297; x_wconf 81' lang='grc' dir='ltr'><em>οἱ</em></span> <span class='ocrx_word' id='word_1_318' title='bbox 1466 2250 1504 2297; x_wconf 80' lang='grc' dir='ltr'><em>δ’</em></span> <span class='ocrx_word' id='word_1_319' title='bbox 1513 2250 1686 2297; x_wconf 76' lang='grc' dir='ltr'><em>ἐπιστά-</em></span> 
     </span>
    </p>
   </div>
   <div class='ocr_carea' id='block_1_3' title="bbox 211 2315 1686 2380">
    <p class='ocr_par' dir='ltr' id='par_1_3' title="bbox 211 2315 1686 2380">
     <span class='ocr_line' id='line_1_33' title="bbox 211 2315 1686 2380; baseline -0.001 -18"><span class='ocrx_word' id='word_1_320' title='bbox 211 2334 244 2361; x_wconf 88' lang='lat'><em>15</em></span> <span class='ocrx_word' id='word_1_321' title='bbox 259 2336 378 2377; x_wconf 89' lang='grc' dir='ltr'><em>μενοι</em></span> <span class='ocrx_word' id='word_1_322' title='bbox 389 2322 460 2366; x_wconf 85' lang='grc' dir='ltr'><em>καὶ</em></span> <span class='ocrx_word' id='word_1_323' title='bbox 479 2321 664 2380; x_wconf 70' lang='grc' dir='ltr'><em>ἔχουσιν,</em></span> <span class='ocrx_word' id='word_1_324' title='bbox 686 2318 794 2367; x_wconf 66' lang='grc' dir='ltr'><em>ὥστε</em></span> <span class='ocrx_word' id='word_1_325' title='bbox 807 2315 865 2367; x_wconf 79' lang='grc' dir='ltr'><em>οὗ</em></span> <span class='ocrx_word' id='word_1_326' title='bbox 875 2319 1021 2377; x_wconf 69' lang='grc' dir='ltr'><em>ἁπλῶς</em></span> <span class='ocrx_word' id='word_1_327' title='bbox 1031 2322 1143 2366; x_wconf 78' lang='grc' dir='ltr'><em>ἐστὶν</em></span> <span class='ocrx_word' id='word_1_328' title='bbox 1154 2318 1376 2379; x_wconf 79' lang='grc' dir='ltr'><em>ἐπιστήμη,</em></span> <span class='ocrx_word' id='word_1_329' title='bbox 1393 2315 1510 2362; x_wconf 81' lang='grc' dir='ltr'><em>τοῦτ’</em></span> <span class='ocrx_word' id='word_1_330' title='bbox 1520 2315 1686 2362; x_wconf 80' lang='grc' dir='ltr'><em>άδύνα-</em></span> 
     </span>
    </p>
   </div>
   <div class='ocr_carea' id='block_1_4' title="bbox 260 2417 519 2425">
    <p class='ocr_par' dir='ltr' id='par_1_4' title="bbox 260 2417 519 2425">
     <span class='ocr_line' id='line_1_34' title="bbox 260 2417 519 2425; baseline 0 643"><span class='ocrx_word' id='word_1_331' title='bbox 260 2417 519 2425; x_wconf 95' lang='lat' dir='ltr'><em> </em></span> 
     </span>
    </p>
   </div>
   <div class='ocr_carea' id='block_1_5' title="bbox 260 2459 1688 2773">
    <p class='ocr_par' dir='ltr' id='par_1_5' title="bbox 260 2459 1688 2632">
     <span class='ocr_line' id='line_1_35' title="bbox 350 2459 1684 2524; baseline -0.002 -23"><span class='ocrx_word' id='word_1_332' title='bbox 350 2469 391 2501; x_wconf 87' lang='grc'><em>18</em></span> <span class='ocrx_word' id='word_1_333' title='bbox 413 2478 546 2511; x_wconf 83' lang='grc' dir='ltr'><em>γνωσιν</em></span> <span class='ocrx_word' id='word_1_334' title='bbox 570 2480 702 2524; x_wconf 75' lang='grc' dir='ltr'><em>ατερον</em></span> <span class='ocrx_word' id='word_1_335' title='bbox 724 2482 790 2513; x_wconf 86' lang='grc' dir='ltr'><em>μεν</em></span> <span class='ocrx_word' id='word_1_336' title='bbox 814 2469 852 2503; x_wconf 81' lang='grc' dir='ltr'><em>ἐν</em></span> <span class='ocrx_word' id='word_1_337' title='bbox 874 2468 1020 2514; x_wconf 79' lang='grc' dir='ltr'><em>θατέρῳ</em></span> <span class='ocrx_word' id='word_1_338' title='bbox 1044 2466 1155 2512; x_wconf 87' lang='grc' dir='ltr'><em>αμφω</em></span> <span class='ocrx_word' id='word_1_339' title='bbox 1179 2466 1303 2511; x_wconf 82' lang='grc' dir='ltr'><em>μέντοι</em></span> <span class='ocrx_word' id='word_1_340' title='bbox 1325 2467 1375 2511; x_wconf 83' lang='grc' dir='ltr'><em>τῷ</em></span> <span class='ocrx_word' id='word_1_341' title='bbox 1401 2465 1440 2499; x_wconf 81' lang='grc' dir='ltr'><em>δε</em></span> <span class='ocrx_word' id='word_1_342' title='bbox 1458 2463 1604 2509; x_wconf 76' lang='grc' dir='ltr'><em>θατέρῳ</em></span> <span class='ocrx_word' id='word_1_343' title='bbox 1624 2459 1684 2499; x_wconf 71' lang='grc' dir='ltr'><em>οὕ-</em></span> 
     </span>
     <span class='ocr_line' id='line_1_36' title="bbox 261 2480 1688 2553; baseline -0.001 -10"><span class='ocrx_word' id='word_1_344' title='bbox 261 2522 330 2548; x_wconf 80' lang='grc' dir='ltr'><em>τως</em></span> <span class='ocrx_word' id='word_1_345' title='bbox 353 2480 480 2545; x_wconf 72' lang='grc' dir='ltr'><em>οἷονΡ.</em></span> <span class='ocrx_word' id='word_1_346' title='bbox 504 2531 550 2538; x_wconf 87' lang='grc'><strong>-</strong></span> <span class='ocrx_word' id='word_1_347' title='bbox 582 2514 621 2546; x_wconf 89' lang='lat'><em>19</em></span> <span class='ocrx_word' id='word_1_348' title='bbox 645 2526 745 2548; x_wconf 86' lang='grc' dir='ltr'><em>απαν</em></span> <span class='ocrx_word' id='word_1_349' title='bbox 769 2514 802 2547; x_wconf 83' lang='lat' dir='ltr'><em>d.</em></span> <span class='ocrx_word' id='word_1_350' title='bbox 827 2533 871 2539; x_wconf 85' lang='lat'>—</span> <span class='ocrx_word' id='word_1_351' title='bbox 895 2516 938 2548; x_wconf 80' lang='lat'><em>23</em></span> <span class='ocrx_word' id='word_1_352' title='bbox 964 2515 1044 2553; x_wconf 81' lang='grc' dir='ltr'><em>εἴδη</em></span> <span class='ocrx_word' id='word_1_353' title='bbox 1072 2515 1119 2546; x_wconf 93' lang='grc' dir='ltr'><em>Μ.</em></span> <span class='ocrx_word' id='word_1_354' title='bbox 1149 2532 1192 2538; x_wconf 90' lang='grc'>-</span> <span class='ocrx_word' id='word_1_355' title='bbox 1215 2513 1258 2545; x_wconf 74' lang='lat'><em>27</em></span> <span class='ocrx_word' id='word_1_356' title='bbox 1285 2500 1396 2553; x_wconf 82' lang='grc' dir='ltr'><em>εἰδείη</em></span> <span class='ocrx_word' id='word_1_357' title='bbox 1424 2511 1462 2543; x_wconf 85' lang='lat' dir='ltr'><em>F.</em></span> <span class='ocrx_word' id='word_1_358' title='bbox 1487 2528 1527 2533; x_wconf 93' lang='lat'>—</span> <span class='ocrx_word' id='word_1_359' title='bbox 1553 2510 1688 2543; x_wconf 83' lang='grc' dir='ltr'><em>εἴσεται</em></span> 
     </span>
     <span class='ocr_line' id='line_1_37' title="bbox 260 2552 1688 2643; baseline -0.001 -56"><span class='ocrx_word' id='word_1_360' title='bbox 260 2552 318 2630; x_wconf 54' lang='lat' dir='ltr'><em>{ti</em></span> <span class='ocrx_word' id='word_1_361' title='bbox 342 2554 602 2643; x_wconf 58' lang='grc' dir='ltr'><em>δυῙιῖὶνΜόρθαῒς</em></span> <span class='ocrx_word' id='word_1_362' title='bbox 626 2558 707 2598; x_wconf 76' lang='grc' dir='ltr'><em>ἴσας</em></span> <span class='ocrx_word' id='word_1_363' title='bbox 729 2557 799 2602; x_wconf 74' lang='grc' dir='ltr'><em>ἔχει</em></span> <span class='ocrx_word' id='word_1_364' title='bbox 820 2570 867 2591; x_wconf 85' lang='lat' dir='ltr'><em>u.·</em></span> <span class='ocrx_word' id='word_1_365' title='bbox 879 2578 922 2585; x_wconf 89' lang='lat'><em>——</em></span> <span class='ocrx_word' id='word_1_366' title='bbox 951 2559 995 2591; x_wconf 73' lang='lat'><em>⁶28</em></span> <span class='ocrx_word' id='word_1_367' title='bbox 1019 2557 1077 2593; x_wconf 74' lang='grc' dir='ltr'><em>ὅτι</em></span> <span class='ocrx_word' id='word_1_368' title='bbox 1099 2556 1141 2592; x_wconf 83' lang='grc' dir='ltr'><em>τὸ</em></span> <span class='ocrx_word' id='word_1_369' title='bbox 1166 2554 1331 2590; x_wconf 80' lang='grc' dir='ltr'><em>καθόλου</em></span> <span class='ocrx_word' id='word_1_370' title='bbox 1359 2556 1396 2589; x_wconf 84' lang='lat' dir='ltr'><em>G.</em></span> <span class='ocrx_word' id='word_1_371' title='bbox 1422 2574 1461 2580; x_wconf 82' lang='lat'><em>-</em></span> <span class='ocrx_word' id='word_1_372' title='bbox 1498 2553 1688 2588; x_wconf 81' lang='grc' dir='ltr'><em>ἐπίσταται</em></span> 
     </span>
    </p>

    <p class='ocr_par' dir='ltr' id='par_1_6' title="bbox 286 2603 617 2643">
     <span class='ocr_line' id='line_1_38' title="bbox 286 2603 617 2643; baseline 0.009 -13"><span class='ocrx_word' id='word_1_373' title='bbox 286 2610 302 2630; x_wconf 82' lang='lat' dir='ltr'>e</span> <span class='ocrx_word' id='word_1_374' title='bbox 341 2611 383 2630; x_wconf 84' lang='lat' dir='ltr'><em>vu</em></span> <span class='ocrx_word' id='word_1_375' title='bbox 402 2607 414 2631; x_wconf 86' lang='lat' dir='ltr'>t</span> <span class='ocrx_word' id='word_1_376' title='bbox 510 2613 565 2633; x_wconf 92' lang='lat' dir='ltr'><em>om</em></span> <span class='ocrx_word' id='word_1_377' title='bbox 583 2603 617 2643; x_wconf 84' lang='lat' dir='ltr'><em>s.</em></span> 
     </span>
    </p>

    <p class='ocr_par' dir='ltr' id='par_1_7' title="bbox 263 2636 1687 2773">
     <span class='ocr_line' id='line_1_39' title="bbox 348 2636 1687 2702; baseline -0.002 -28"><span class='ocrx_word' id='word_1_378' title='bbox 348 2641 438 2676; x_wconf 76' lang='lat' dir='ltr'><em>71b6</em></span> <span class='ocrx_word' id='word_1_379' title='bbox 455 2644 662 2686; x_wconf 85' lang='grc' dir='ltr'><em>μανθάνειν</em></span> <span class='ocrx_word' id='word_1_380' title='bbox 685 2657 718 2678; x_wconf 83' lang='grc' dir='ltr'>π</span> <span class='ocrx_word' id='word_1_381' title='bbox 738 2666 780 2672; x_wconf 84' lang='lat'>—</span> <span class='ocrx_word' id='word_1_382' title='bbox 804 2644 878 2680; x_wconf 80' lang='grc' dir='ltr'><em>ἔστι</em></span> <span class='ocrx_word' id='word_1_383' title='bbox 900 2658 965 2702; x_wconf 78' lang='grc' dir='ltr'><em>μεν</em></span> <span class='ocrx_word' id='word_1_384' title='bbox 987 2644 1036 2685; x_wconf 77' lang='grc' dir='ltr'><em>αἱς</em></span> <span class='ocrx_word' id='word_1_385' title='bbox 1058 2657 1113 2690; x_wconf 82' lang='lat' dir='ltr'><em>np.</em></span> <span class='ocrx_word' id='word_1_386' title='bbox 1131 2663 1168 2670; x_wconf 87' lang='lat'><em>-</em></span> <span class='ocrx_word' id='word_1_387' title='bbox 1196 2644 1262 2678; x_wconf 85' lang='grc' dir='ltr'><em>7εἰ</em></span> <span class='ocrx_word' id='word_1_388' title='bbox 1283 2639 1351 2677; x_wconf 80' lang='lat' dir='ltr'><em>ov’u</em></span> <span class='ocrx_word' id='word_1_389' title='bbox 1373 2639 1456 2687; x_wconf 80' lang='grc' dir='ltr'><em>ᾔδει</em></span> <span class='ocrx_word' id='word_1_390' title='bbox 1474 2642 1521 2674; x_wconf 94' lang='grc' dir='ltr'><em>Μ.</em></span> <span class='ocrx_word' id='word_1_391' title='bbox 1532 2659 1577 2666; x_wconf 87' lang='lat'><em>-—</em></span> <span class='ocrx_word' id='word_1_392' title='bbox 1603 2636 1687 2673; x_wconf 72' lang='lat' dir='ltr'><em>lOv&#39;</em></span> 
     </span>
     <span class='ocr_line' id='line_1_40' title="bbox 264 2677 1684 2732; baseline 0.002 -15"><span class='ocrx_word' id='word_1_393' title='bbox 264 2697 318 2718; x_wconf 89' lang='lat' dir='ltr'><em>om</em></span> <span class='ocrx_word' id='word_1_394' title='bbox 337 2686 369 2718; x_wconf 81' lang='lat' dir='ltr'><em>d.</em></span> <span class='ocrx_word' id='word_1_395' title='bbox 395 2706 436 2711; x_wconf 97' lang='lat'><strong>—</strong></span> <span class='ocrx_word' id='word_1_396' title='bbox 464 2690 501 2720; x_wconf 84' lang='lat'><em>13</em></span> <span class='ocrx_word' id='word_1_397' title='bbox 515 2701 550 2721; x_wconf 81' lang='grc' dir='ltr'><em>τι</em></span> <span class='ocrx_word' id='word_1_398' title='bbox 574 2701 628 2722; x_wconf 90' lang='lat' dir='ltr'><em>om</em></span> <span class='ocrx_word' id='word_1_399' title='bbox 644 2691 679 2723; x_wconf 85' lang='lat' dir='ltr'><em>C.</em></span> <span class='ocrx_word' id='word_1_400' title='bbox 701 2709 742 2715; x_wconf 89' lang='lat'><em>—-</em></span> <span class='ocrx_word' id='word_1_401' title='bbox 771 2691 810 2723; x_wconf 87' lang='lat'><em>14</em></span> <span class='ocrx_word' id='word_1_402' title='bbox 822 2688 912 2725; x_wconf 74' lang='grc' dir='ltr'><em>αὐτὸ</em></span> <span class='ocrx_word' id='word_1_403' title='bbox 932 2692 968 2724; x_wconf 89' lang='lat' dir='ltr'><em>C.</em></span> <span class='ocrx_word' id='word_1_404' title='bbox 983 2709 1026 2716; x_wconf 90' lang='lat'><em>—</em></span> <span class='ocrx_word' id='word_1_405' title='bbox 1053 2692 1093 2723; x_wconf 80' lang='lat'><em>15</em></span> <span class='ocrx_word' id='word_1_406' title='bbox 1110 2688 1232 2728; x_wconf 72' lang='grc' dir='ltr'><em>ἁπλῶς</em></span> <span class='ocrx_word' id='word_1_407' title='bbox 1256 2677 1399 2732; x_wconf 78' lang='grc' dir='ltr'><em>ἔχουσιν</em></span> <span class='ocrx_word' id='word_1_408' title='bbox 1422 2683 1684 2729; x_wconf 74' lang='grc' dir='ltr'><em>ἐπιστήμηνΜ·</em></span> 
     </span>
     <span class='ocr_line' id='line_1_41' title="bbox 263 2729 748 2773; baseline 0.006 -10"><span class='ocrx_word' id='word_1_409' title='bbox 263 2750 304 2755; x_wconf 85' lang='grc'><strong>-</strong></span> <span class='ocrx_word' id='word_1_410' title='bbox 328 2729 443 2773; x_wconf 76' lang='grc' dir='ltr'><em>τοῦτ’]</em></span> <span class='ocrx_word' id='word_1_411' title='bbox 471 2730 609 2772; x_wconf 75' lang='grc' dir='ltr'><em>ταύτας</em></span> <span class='ocrx_word' id='word_1_412' title='bbox 630 2735 690 2768; x_wconf 84' lang='grc' dir='ltr'><em>και</em></span> <span class='ocrx_word' id='word_1_413' title='bbox 709 2735 748 2769; x_wconf 79' lang='lat' dir='ltr'><em>F,</em></span> 
     </span>
    </p>
   </div>
  </div>
 </body>
</html>
