<?xml version="1.0" encoding="UTF-8"?>
<!DOCTYPE html PUBLIC "-//W3C//DTD XHTML 1.0 Transitional//EN"
    "http://www.w3.org/TR/xhtml1/DTD/xhtml1-transitional.dtd">
<html xmlns="http://www.w3.org/1999/xhtml" xml:lang="en" lang="en">
 <head>
  <title>
</title>
<meta http-equiv="Content-Type" content="text/html;charset=utf-8" />
  <meta name='ocr-system' content='tesseract 3.04.00' />
  <meta name='ocr-capabilities' content='ocr_page ocr_carea ocr_par ocr_line ocrx_word'/>
</head>
<body>
  <div class='ocr_page' id='page_1' title='image "aristotelisorgan02arisuoft_0066.png"; bbox 0 0 1786 3068; ppageno 0'>
   <div class='ocr_carea' id='block_1_1' title="bbox 294 234 1209 274">
    <p class='ocr_par' dir='ltr' id='par_1_1' title="bbox 294 234 1209 274">
     <span class='ocr_line' id='line_1_1' title="bbox 294 234 1209 274; baseline -0.007 -2"><span class='ocrx_word' id='word_1_1' title='bbox 294 236 346 274; x_wconf 76' lang='grc'><strong><em>50</em></strong></span> <span class='ocrx_word' id='word_1_2' title='bbox 813 234 1209 267; x_wconf 76' lang='grc' dir='ltr'><em>ΑΝΑΛΤΤΙΚΩΝ</em></span> 
     </span>
    </p>
   </div>
   <div class='ocr_carea' id='block_1_2' title="bbox 248 327 1718 789">
    <p class='ocr_par' dir='ltr' id='par_1_2' title="bbox 248 327 1718 789">
     <span class='ocr_line' id='line_1_2' title="bbox 296 327 1712 392; baseline -0.002 -14"><span class='ocrx_word' id='word_1_3' title='bbox 296 336 467 391; x_wconf 80' lang='grc' dir='ltr'><strong><em>τοῦμεν.</em></strong></span> <span class='ocrx_word' id='word_1_4' title='bbox 511 335 687 392; x_wconf 87' lang='grc' dir='ltr'><strong><em>σημεῖον</em></strong></span> <span class='ocrx_word' id='word_1_5' title='bbox 719 330 765 374; x_wconf 79' lang='grc' dir='ltr'><strong><em>δε</em></strong></span> <span class='ocrx_word' id='word_1_6' title='bbox 797 329 981 376; x_wconf 85' lang='grc' dir='ltr'><strong><em>τούτου·</em></strong></span> <span class='ocrx_word' id='word_1_7' title='bbox 1017 328 1215 389; x_wconf 72' lang='grc' dir='ltr'><strong>εὑρόντες</strong></span> <span class='ocrx_word' id='word_1_8' title='bbox 1239 329 1321 391; x_wconf 75' lang='grc' dir='ltr'><strong><em>γὰρ</em></strong></span> <span class='ocrx_word' id='word_1_9' title='bbox 1346 327 1411 376; x_wconf 83' lang='grc' dir='ltr'><strong><em>ὅτι</em></strong></span> <span class='ocrx_word' id='word_1_10' title='bbox 1435 330 1614 376; x_wconf 73' lang='grc' dir='ltr'><strong><em>ἐκλείπει</em></strong></span> <span class='ocrx_word' id='word_1_11' title='bbox 1637 343 1712 375; x_wconf 88' lang='grc' dir='ltr'><strong><em>πε-</em></strong></span> 
     </span>
     <span class='ocr_line' id='line_1_3' title="bbox 296 392 1714 458; baseline -0.002 -14"><span class='ocrx_word' id='word_1_12' title='bbox 296 398 520 457; x_wconf 80' lang='grc' dir='ltr'><strong><em>παύιιεθα·</em></strong></span> <span class='ocrx_word' id='word_1_13' title='bbox 564 397 638 441; x_wconf 84' lang='grc' dir='ltr'><strong><em>καὶ</em></strong></span> <span class='ocrx_word' id='word_1_14' title='bbox 659 393 734 440; x_wconf 74' lang='grc' dir='ltr'><strong><em>ἐὰν</em></strong></span> <span class='ocrx_word' id='word_1_15' title='bbox 756 392 846 448; x_wconf 58' lang='grc' dir='ltr'><strong><em>«ᾆξ’</em></strong></span> <span class='ocrx_word' id='word_1_16' title='bbox 818 400 952 458; x_wconf 84' lang='grc' dir='ltr'><strong><em>αρχῆς</em></strong></span> <span class='ocrx_word' id='word_1_17' title='bbox 975 396 1190 456; x_wconf 75' lang='grc' dir='ltr'><strong><em>εἰδῶμεν’</em></strong></span> <span class='ocrx_word' id='word_1_18' title='bbox 1166 415 1230 443; x_wconf 90' lang='grc' dir='ltr'><strong><em>οτι</em></strong></span> <span class='ocrx_word' id='word_1_19' title='bbox 1252 398 1444 451; x_wconf 76' lang='grc' dir='ltr'><strong><em>ἐκλείπει,</em></strong></span> <span class='ocrx_word' id='word_1_20' title='bbox 1477 395 1536 442; x_wconf 85' lang='grc' dir='ltr'><strong><em>ου’</em></strong></span> <span class='ocrx_word' id='word_1_21' title='bbox 1559 399 1714 458; x_wconf 81' lang='grc' dir='ltr'><strong><em>ζητοῦ-</em></strong></span> 
     </span>
     <span class='ocr_line' id='line_1_4' title="bbox 296 458 1718 525; baseline -0.003 -14"><span class='ocrx_word' id='word_1_22' title='bbox 296 483 371 525; x_wconf 89' lang='grc' dir='ltr'><strong><em>μεν</em></strong></span> <span class='ocrx_word' id='word_1_23' title='bbox 391 463 586 520; x_wconf 88' lang='grc' dir='ltr'><strong><em>πότερον.</em></strong></span> <span class='ocrx_word' id='word_1_24' title='bbox 622 458 725 506; x_wconf 82' lang='grc' dir='ltr'><strong><em>ὅταν</em></strong></span> <span class='ocrx_word' id='word_1_25' title='bbox 744 462 790 506; x_wconf 77' lang='grc' dir='ltr'><strong><em>δὲ</em></strong></span> <span class='ocrx_word' id='word_1_26' title='bbox 809 463 986 522; x_wconf 77' lang='grc' dir='ltr'><strong><em>εἰδῶμεν</em></strong></span> <span class='ocrx_word' id='word_1_27' title='bbox 1005 461 1056 509; x_wconf 78' lang='grc' dir='ltr'><strong><em>τὸ</em></strong></span> <span class='ocrx_word' id='word_1_28' title='bbox 1080 462 1159 519; x_wconf 80' lang='grc' dir='ltr'><strong><em>ὅτι,</em></strong></span> <span class='ocrx_word' id='word_1_29' title='bbox 1178 461 1229 509; x_wconf 80' lang='grc' dir='ltr'><strong><em>τὸ</em></strong></span> <span class='ocrx_word' id='word_1_30' title='bbox 1250 464 1361 509; x_wconf 78' lang='grc' dir='ltr'><strong><em>διοτι</em></strong></span> <span class='ocrx_word' id='word_1_31' title='bbox 1381 466 1602 525; x_wconf 73' lang='grc' dir='ltr'><strong><em>ζητοῦμεν,</em></strong></span> <span class='ocrx_word' id='word_1_32' title='bbox 1622 467 1718 508; x_wconf 82' lang='grc' dir='ltr'><strong><em>οἱον</em></strong></span> 
     </span>
     <span class='ocr_line' id='line_1_5' title="bbox 248 526 1718 596; baseline -0.001 -22"><span class='ocrx_word' id='word_1_33' title='bbox 248 548 281 574; x_wconf 72' lang='lat'><strong><em>30</em></strong></span> <span class='ocrx_word' id='word_1_34' title='bbox 297 530 454 585; x_wconf 82' lang='grc' dir='ltr'><strong><em>εἰδότες</em></strong></span> <span class='ocrx_word' id='word_1_35' title='bbox 481 526 546 573; x_wconf 81' lang='grc' dir='ltr'><strong><em>ὅτι</em></strong></span> <span class='ocrx_word' id='word_1_36' title='bbox 569 528 747 573; x_wconf 73' lang='grc' dir='ltr'><strong><em>ἐκλείπει</em></strong></span> <span class='ocrx_word' id='word_1_37' title='bbox 767 529 839 572; x_wconf 85' lang='grc' dir='ltr'><strong><em>καὶ</em></strong></span> <span class='ocrx_word' id='word_1_38' title='bbox 862 546 929 574; x_wconf 91' lang='grc' dir='ltr'><strong><em>οτι</em></strong></span> <span class='ocrx_word' id='word_1_39' title='bbox 954 534 1127 575; x_wconf 86' lang='grc' dir='ltr'><strong><em>κινεῖται</em></strong></span> <span class='ocrx_word' id='word_1_40' title='bbox 1160 528 1186 591; x_wconf 82' lang='grc' dir='ltr'>ἡ</span> <span class='ocrx_word' id='word_1_41' title='bbox 1207 535 1284 596; x_wconf 76' lang='grc' dir='ltr'><strong><em>γῆ,</em></strong></span> <span class='ocrx_word' id='word_1_42' title='bbox 1329 527 1378 575; x_wconf 84' lang='grc' dir='ltr'><strong><em>τὸ</em></strong></span> <span class='ocrx_word' id='word_1_43' title='bbox 1407 528 1519 574; x_wconf 73' lang='grc' dir='ltr'><strong><em>διότι</em></strong></span> <span class='ocrx_word' id='word_1_44' title='bbox 1541 529 1718 574; x_wconf 75' lang='grc' dir='ltr'><strong><em>ἐκλείπει</em></strong></span> 
     </span>
     <span class='ocr_line' id='line_1_6' title="bbox 296 592 1717 659; baseline -0.001 -18"><span class='ocrx_word' id='word_1_45' title='bbox 296 594 326 659; x_wconf 80' lang='grc' dir='ltr'><em>ἢ</em></span> <span class='ocrx_word' id='word_1_46' title='bbox 346 597 459 642; x_wconf 83' lang='grc' dir='ltr'><strong><em>διότι</em></strong></span> <span class='ocrx_word' id='word_1_47' title='bbox 476 598 649 639; x_wconf 81' lang='grc' dir='ltr'><strong><em>κινεῖται</em></strong></span> <span class='ocrx_word' id='word_1_48' title='bbox 669 597 696 650; x_wconf 89' lang='grc' dir='ltr'><strong><em>ζ</em></strong></span> <span class='ocrx_word' id='word_1_49' title='bbox 698 610 895 655; x_wconf 82' lang='grc' dir='ltr'><strong><em>ητουμεν</em></strong></span> <span class='ocrx_word' id='word_1_50' title='bbox 938 599 1075 641; x_wconf 87' lang='grc' dir='ltr'><strong><em>ταῦτα</em></strong></span> <span class='ocrx_word' id='word_1_51' title='bbox 1093 614 1169 655; x_wconf 91' lang='grc' dir='ltr'><strong><em>μεν</em></strong></span> <span class='ocrx_word' id='word_1_52' title='bbox 1186 597 1271 642; x_wconf 80' lang='grc' dir='ltr'><strong><em>οὐν</em></strong></span> <span class='ocrx_word' id='word_1_53' title='bbox 1290 594 1442 652; x_wconf 79' lang='grc' dir='ltr'><strong><em>οὕτως,</em></strong></span> <span class='ocrx_word' id='word_1_54' title='bbox 1476 596 1564 640; x_wconf 86' lang='grc' dir='ltr'><strong><em>ε’νια</em></strong></span> <span class='ocrx_word' id='word_1_55' title='bbox 1583 593 1621 640; x_wconf 87' lang='lat'><strong><em>6&#39;</em></strong></span> <span class='ocrx_word' id='word_1_56' title='bbox 1639 592 1717 640; x_wconf 79' lang='grc' dir='ltr'><strong><em>ἄλ.-</em></strong></span> 
     </span>
     <span class='ocr_line' id='line_1_7' title="bbox 297 658 1716 742; baseline 0 -35"><span class='ocrx_word' id='word_1_57' title='bbox 297 667 375 707; x_wconf 89' lang='grc' dir='ltr'><strong><em>λον</em></strong></span> <span class='ocrx_word' id='word_1_58' title='bbox 386 659 546 718; x_wconf 83' lang='grc' dir='ltr'><strong><em>τρόπον</em></strong></span> <span class='ocrx_word' id='word_1_59' title='bbox 561 662 791 742; x_wconf 70' lang='grc' dir='ltr'><strong><em>ζητρῦμεν,</em></strong></span> <span class='ocrx_word' id='word_1_60' title='bbox 805 658 899 707; x_wconf 83' lang='grc' dir='ltr'><strong><em>οἷον</em></strong></span> <span class='ocrx_word' id='word_1_61' title='bbox 918 663 954 707; x_wconf 81' lang='grc' dir='ltr'><strong><em>εἰ</em></strong></span> <span class='ocrx_word' id='word_1_62' title='bbox 974 662 1084 708; x_wconf 77' lang='grc' dir='ltr'><strong><em>ἐστιν</em></strong></span> <span class='ocrx_word' id='word_1_63' title='bbox 1102 660 1198 725; x_wconf 78' lang='grc' dir='ltr'><strong><em>ἢμη</em></strong></span> <span class='ocrx_word' id='word_1_64' title='bbox 1188 662 1297 708; x_wconf 80' lang='grc' dir='ltr'><strong><em>’ἐστι</em></strong></span> <span class='ocrx_word' id='word_1_65' title='bbox 1309 663 1580 723; x_wconf 81' lang='grc' dir='ltr'><strong><em>κένταυροςη</em></strong></span> <span class='ocrx_word' id='word_1_66' title='bbox 1559 659 1716 716; x_wconf 74' lang='grc' dir='ltr'><strong><em>θεός.</em></strong></span> 
     </span>
     <span class='ocr_line' id='line_1_8' title="bbox 295 723 1717 789; baseline 0 -16"><span class='ocrx_word' id='word_1_67' title='bbox 295 726 345 773; x_wconf 82' lang='grc' dir='ltr'><strong><em>τὸ</em></strong></span> <span class='ocrx_word' id='word_1_68' title='bbox 376 726 412 772; x_wconf 86' lang='lat'><strong><em>6’</em></strong></span> <span class='ocrx_word' id='word_1_69' title='bbox 442 727 478 771; x_wconf 82' lang='grc' dir='ltr'><strong><em>εἰ</em></strong></span> <span class='ocrx_word' id='word_1_70' title='bbox 496 726 607 771; x_wconf 84' lang='grc' dir='ltr'><strong><em>ε’στιν</em></strong></span> <span class='ocrx_word' id='word_1_71' title='bbox 634 723 666 787; x_wconf 77' lang='grc' dir='ltr'>ἡ</span> <span class='ocrx_word' id='word_1_72' title='bbox 684 724 743 788; x_wconf 85' lang='grc' dir='ltr'><strong><em>μὴ</em></strong></span> <span class='ocrx_word' id='word_1_73' title='bbox 768 725 917 784; x_wconf 75' lang='grc' dir='ltr'><strong><em>ἁπλως</em></strong></span> <span class='ocrx_word' id='word_1_74' title='bbox 937 728 1065 788; x_wconf 80' lang='grc' dir='ltr'><strong><em>λέγω,</em></strong></span> <span class='ocrx_word' id='word_1_75' title='bbox 1111 727 1201 774; x_wconf 72' lang='grc' dir='ltr'><strong><em>ἀλλ’</em></strong></span> <span class='ocrx_word' id='word_1_76' title='bbox 1232 730 1316 775; x_wconf 88' lang='grc' dir='ltr'><strong><em>οὐκ</em></strong></span> <span class='ocrx_word' id='word_1_77' title='bbox 1329 730 1365 774; x_wconf 79' lang='grc' dir='ltr'><strong><em>εἰ</em></strong></span> <span class='ocrx_word' id='word_1_78' title='bbox 1389 725 1545 784; x_wconf 87' lang='grc' dir='ltr'><strong><em>λευκος</em></strong></span> <span class='ocrx_word' id='word_1_79' title='bbox 1576 725 1607 789; x_wconf 78' lang='grc' dir='ltr'><em>ἧ</em></span> <span class='ocrx_word' id='word_1_80' title='bbox 1645 726 1717 789; x_wconf 88' lang='grc' dir='ltr'><strong><em>μή.</em></strong></span> 
     </span>
    </p>
   </div>
   <div class='ocr_carea' id='block_1_3' title="bbox 184 790 1724 2170">
    <p class='ocr_par' dir='ltr' id='par_1_3' title="bbox 184 790 1724 2170">
     <span class='ocr_line' id='line_1_9' title="bbox 296 790 1718 856; baseline 0.001 -19"><span class='ocrx_word' id='word_1_81' title='bbox 296 793 465 853; x_wconf 76' lang='grc' dir='ltr'><strong><em>γνόντες</em></strong></span> <span class='ocrx_word' id='word_1_82' title='bbox 489 790 579 840; x_wconf 82' lang='grc' dir='ltr'><strong><em>ὁε</em></strong></span> <span class='ocrx_word' id='word_1_83' title='bbox 554 810 620 837; x_wconf 90' lang='grc' dir='ltr'><strong><em>οτι</em></strong></span> <span class='ocrx_word' id='word_1_84' title='bbox 642 793 740 847; x_wconf 84' lang='grc' dir='ltr'><strong><em>ε’στι,</em></strong></span> <span class='ocrx_word' id='word_1_85' title='bbox 761 794 803 838; x_wconf 89' lang='grc' dir='ltr'><strong><em>τί</em></strong></span> <span class='ocrx_word' id='word_1_86' title='bbox 821 795 907 840; x_wconf 80' lang='grc' dir='ltr'><strong><em>ἐστι</em></strong></span> <span class='ocrx_word' id='word_1_87' title='bbox 926 797 1148 856; x_wconf 75' lang='grc' dir='ltr'><strong><em>ζητοῦμεν,</em></strong></span> <span class='ocrx_word' id='word_1_88' title='bbox 1172 792 1265 840; x_wconf 86' lang='grc' dir='ltr'><strong><em>οἷον</em></strong></span> <span class='ocrx_word' id='word_1_89' title='bbox 1286 796 1327 840; x_wconf 91' lang='grc' dir='ltr'><strong><em>τί</em></strong></span> <span class='ocrx_word' id='word_1_90' title='bbox 1345 795 1427 841; x_wconf 85' lang='grc' dir='ltr'><strong><em>οὐν</em></strong></span> <span class='ocrx_word' id='word_1_91' title='bbox 1448 795 1532 840; x_wconf 80' lang='grc' dir='ltr'><strong><em>ἐστὶ</em></strong></span> <span class='ocrx_word' id='word_1_92' title='bbox 1549 790 1709 849; x_wconf 76' lang='grc' dir='ltr'><strong><em>θεός,</em></strong></span> <span class='ocrx_word' id='word_1_93' title='bbox 1689 812 1718 855; x_wconf 89' lang='grc' dir='ltr'><strong><em>η</em></strong></span> 
     </span>
     <span class='ocr_line' id='line_1_10' title="bbox 247 856 748 915; baseline 0.002 -13"><span class='ocrx_word' id='word_1_94' title='bbox 247 875 281 902; x_wconf 82' lang='lat'><strong><em>35</em></strong></span> <span class='ocrx_word' id='word_1_95' title='bbox 295 860 337 904; x_wconf 89' lang='grc' dir='ltr'><strong><em>τί</em></strong></span> <span class='ocrx_word' id='word_1_96' title='bbox 357 860 469 905; x_wconf 77' lang='grc' dir='ltr'><strong><em>ἐστιν</em></strong></span> <span class='ocrx_word' id='word_1_97' title='bbox 489 856 748 915; x_wconf 70' lang='grc' dir='ltr'><strong><em>ἄνθρωποςς</em></strong></span> 
     </span>
     <span class='ocr_line' id='line_1_11' title="bbox 249 923 1720 987; baseline -0.001 -17"><span class='ocrx_word' id='word_1_98' title='bbox 249 929 278 970; x_wconf 83' lang='lat'><strong>2</strong></span> <span class='ocrx_word' id='word_1_99' title='bbox 384 923 437 970; x_wconf 78' lang='grc' dir='ltr'><em>Ἀ</em></span> <span class='ocrx_word' id='word_1_100' title='bbox 464 943 540 983; x_wconf 90' lang='grc' dir='ltr'><strong><em>μεν</em></strong></span> <span class='ocrx_word' id='word_1_101' title='bbox 568 943 651 971; x_wconf 89' lang='grc' dir='ltr'><strong><em>ουν</em></strong></span> <span class='ocrx_word' id='word_1_102' title='bbox 685 928 894 986; x_wconf 84' lang='grc' dir='ltr'><strong><em>ζητοῦμεν</em></strong></span> <span class='ocrx_word' id='word_1_103' title='bbox 919 927 992 971; x_wconf 85' lang='grc' dir='ltr'><strong><em>καὶ</em></strong></span> <span class='ocrx_word' id='word_1_104' title='bbox 1022 923 1048 971; x_wconf 83' lang='lat'><strong><em>6</em></strong></span> <span class='ocrx_word' id='word_1_105' title='bbox 1079 924 1279 987; x_wconf 82' lang='grc' dir='ltr'><strong><em>εὑρόντες</em></strong></span> <span class='ocrx_word' id='word_1_106' title='bbox 1308 927 1449 986; x_wconf 74' lang='grc' dir='ltr'><strong><em>ἴσμεν,</em></strong></span> <span class='ocrx_word' id='word_1_107' title='bbox 1484 929 1621 971; x_wconf 79' lang='grc' dir='ltr'><strong><em>ταῦτα</em></strong></span> <span class='ocrx_word' id='word_1_108' title='bbox 1647 925 1720 969; x_wconf 85' lang='grc' dir='ltr'><strong><em>καὶ</em></strong></span> 
     </span>
     <span class='ocr_line' id='line_1_12' title="bbox 295 987 1718 1076; baseline -0.001 -40"><span class='ocrx_word' id='word_1_109' title='bbox 295 990 485 1037; x_wconf 85' lang='grc' dir='ltr'><strong><em>τοσαῦτά</em></strong></span> <span class='ocrx_word' id='word_1_110' title='bbox 511 991 633 1036; x_wconf 78' lang='grc' dir='ltr'><strong><em>ἐστιν.</em></strong></span> <span class='ocrx_word' id='word_1_111' title='bbox 652 995 897 1076; x_wconf 81' lang='grc' dir='ltr'><strong><em>ζητοῦμεν</em></strong></span> <span class='ocrx_word' id='word_1_112' title='bbox 925 992 986 1046; x_wconf 81' lang='grc' dir='ltr'><strong><em>δέ,</em></strong></span> <span class='ocrx_word' id='word_1_113' title='bbox 1022 989 1126 1038; x_wconf 81' lang='grc' dir='ltr'><strong><em>ὅταν</em></strong></span> <span class='ocrx_word' id='word_1_114' title='bbox 1148 1010 1223 1051; x_wconf 89' lang='grc' dir='ltr'><strong><em>μεν</em></strong></span> <span class='ocrx_word' id='word_1_115' title='bbox 1250 995 1448 1075; x_wconf 64' lang='grc' dir='ltr'><strong><em>ζητοῖμεν</em></strong></span> <span class='ocrx_word' id='word_1_116' title='bbox 1459 989 1510 1037; x_wconf 78' lang='grc' dir='ltr'><strong><em>τό</em></strong></span> <span class='ocrx_word' id='word_1_117' title='bbox 1534 989 1601 1036; x_wconf 80' lang='grc' dir='ltr'><strong><em>ὅτι</em></strong></span> <span class='ocrx_word' id='word_1_118' title='bbox 1621 988 1650 1052; x_wconf 78' lang='grc' dir='ltr'>ἢ</span> <span class='ocrx_word' id='word_1_119' title='bbox 1668 987 1718 1035; x_wconf 86' lang='grc' dir='ltr'>τὸ</span> 
     </span>
     <span class='ocr_line' id='line_1_13' title="bbox 297 1050 1719 1142; baseline -0.002 -38"><span class='ocrx_word' id='word_1_120' title='bbox 297 1059 335 1104; x_wconf 82' lang='grc' dir='ltr'><strong><em>εἰ</em></strong></span> <span class='ocrx_word' id='word_1_121' title='bbox 345 1058 456 1104; x_wconf 73' lang='grc' dir='ltr'><strong><em>ἔστιν</em></strong></span> <span class='ocrx_word' id='word_1_122' title='bbox 467 1055 664 1113; x_wconf 46' lang='lat' dir='ltr'><strong><em>&amp;tac-‘343&#39;</em></strong></span> <span class='ocrx_word' id='word_1_123' title='bbox 641 1050 708 1142; x_wconf 77' lang='grc' dir='ltr'><strong><em>ἆρ’</em></strong></span> <span class='ocrx_word' id='word_1_124' title='bbox 717 1059 804 1104; x_wconf 85' lang='grc' dir='ltr'><strong><em>εστι</em></strong></span> <span class='ocrx_word' id='word_1_125' title='bbox 815 1059 946 1117; x_wconf 89' lang='grc' dir='ltr'><strong><em>μεσον</em></strong></span> <span class='ocrx_word' id='word_1_126' title='bbox 964 1056 1108 1104; x_wconf 75' lang='grc' dir='ltr'><strong><em>αὐτοῦ</em></strong></span> <span class='ocrx_word' id='word_1_127' title='bbox 1118 1055 1149 1120; x_wconf 66' lang='grc' dir='ltr'><em>ἢ</em></span> <span class='ocrx_word' id='word_1_128' title='bbox 1162 1056 1244 1104; x_wconf 80' lang='grc' dir='ltr'><strong><em>οὐκ</em></strong></span> <span class='ocrx_word' id='word_1_129' title='bbox 1255 1058 1386 1104; x_wconf 82' lang='grc' dir='ltr'><strong><em>ε’στιν·</em></strong></span> <span class='ocrx_word' id='word_1_130' title='bbox 1423 1054 1525 1102; x_wconf 83' lang='grc' dir='ltr'><strong><em>ὅταν</em></strong></span> <span class='ocrx_word' id='word_1_131' title='bbox 1535 1058 1580 1102; x_wconf 71' lang='lat' dir='ltr'><strong><em>de</em></strong></span> <span class='ocrx_word' id='word_1_132' title='bbox 1593 1055 1719 1117; x_wconf 81' lang='grc' dir='ltr'><strong><em>γνόν-</em></strong></span> 
     </span>
     <span class='ocr_line' id='line_1_14' title="bbox 296 1121 1721 1207; baseline -0.001 -38"><span class='ocrx_word' id='word_1_133' title='bbox 296 1142 364 1181; x_wconf 85' lang='grc' dir='ltr'><strong><em>τες</em></strong></span> <span class='ocrx_word' id='word_1_134' title='bbox 381 1122 414 1186; x_wconf 73' lang='grc' dir='ltr'><em>ἢ</em></span> <span class='ocrx_word' id='word_1_135' title='bbox 434 1122 484 1170; x_wconf 82' lang='grc' dir='ltr'><strong><em>τὸ</em></strong></span> <span class='ocrx_word' id='word_1_136' title='bbox 506 1122 571 1169; x_wconf 80' lang='grc' dir='ltr'><strong><em>ὅτι</em></strong></span> <span class='ocrx_word' id='word_1_137' title='bbox 592 1122 621 1185; x_wconf 79' lang='grc' dir='ltr'>ἢ</span> <span class='ocrx_word' id='word_1_138' title='bbox 652 1126 689 1170; x_wconf 84' lang='grc' dir='ltr'><strong><em>εἰ</em></strong></span> <span class='ocrx_word' id='word_1_139' title='bbox 716 1125 827 1170; x_wconf 74' lang='grc' dir='ltr'><strong><em>ἔστιν</em></strong></span> <span class='ocrx_word' id='word_1_140' title='bbox 857 1122 885 1187; x_wconf 77' lang='grc' dir='ltr'><em>ἢ</em></span> <span class='ocrx_word' id='word_1_141' title='bbox 910 1121 959 1170; x_wconf 83' lang='grc' dir='ltr'><strong><em>τὸ</em></strong></span> <span class='ocrx_word' id='word_1_142' title='bbox 981 1125 1047 1170; x_wconf 76' lang='grc' dir='ltr'><strong><em>ἐπὶ</em></strong></span> <span class='ocrx_word' id='word_1_143' title='bbox 1068 1125 1228 1207; x_wconf 82' lang='grc' dir='ltr'><strong><em>μέρους</em></strong></span> <span class='ocrx_word' id='word_1_144' title='bbox 1246 1121 1275 1183; x_wconf 77' lang='grc' dir='ltr'><em>ἢ</em></span> <span class='ocrx_word' id='word_1_145' title='bbox 1302 1123 1352 1170; x_wconf 84' lang='grc' dir='ltr'><strong><em>τὸ</em></strong></span> <span class='ocrx_word' id='word_1_146' title='bbox 1375 1121 1545 1180; x_wconf 77' lang='grc' dir='ltr'><strong><em>ἁπλῶς,</em></strong></span> <span class='ocrx_word' id='word_1_147' title='bbox 1589 1122 1721 1168; x_wconf 79' lang='grc' dir='ltr'><strong><em>πάλιν</em></strong></span> 
     </span>
     <span class='ocr_line' id='line_1_15' title="bbox 184 1187 1717 1273; baseline -0.002 -36"><span class='ocrx_word' id='word_1_148' title='bbox 184 1206 219 1238; x_wconf 78' lang='lat' dir='ltr'><strong><em>P·</em></strong></span> <span class='ocrx_word' id='word_1_149' title='bbox 235 1196 281 1230; x_wconf 86' lang='grc'><strong><em>90</em></strong></span> <span class='ocrx_word' id='word_1_150' title='bbox 296 1188 347 1237; x_wconf 85' lang='grc' dir='ltr'><strong><em>τὸ</em></strong></span> <span class='ocrx_word' id='word_1_151' title='bbox 379 1188 451 1236; x_wconf 76' lang='grc' dir='ltr'><strong><em>διὰ</em></strong></span> <span class='ocrx_word' id='word_1_152' title='bbox 480 1190 519 1236; x_wconf 85' lang='grc' dir='ltr'><strong><em>τί</em></strong></span> <span class='ocrx_word' id='word_1_153' title='bbox 546 1187 779 1252; x_wconf 87' lang='grc' dir='ltr'><strong><em>ζητωμεν</em></strong></span> <span class='ocrx_word' id='word_1_154' title='bbox 755 1209 784 1273; x_wconf 82' lang='grc' dir='ltr'><strong><em>η</em></strong></span> <span class='ocrx_word' id='word_1_155' title='bbox 812 1188 863 1236; x_wconf 80' lang='grc' dir='ltr'><strong><em>τὸ</em></strong></span> <span class='ocrx_word' id='word_1_156' title='bbox 890 1191 932 1235; x_wconf 88' lang='grc' dir='ltr'><strong><em>τί</em></strong></span> <span class='ocrx_word' id='word_1_157' title='bbox 953 1190 1061 1246; x_wconf 78' lang='grc' dir='ltr'><strong><em>ἐστι,</em></strong></span> <span class='ocrx_word' id='word_1_158' title='bbox 1094 1190 1190 1236; x_wconf 87' lang='grc' dir='ltr'><strong><em>τότε</em></strong></span> <span class='ocrx_word' id='word_1_159' title='bbox 1217 1194 1427 1252; x_wconf 75' lang='grc' dir='ltr'><strong><em>ζητοῦμεν</em></strong></span> <span class='ocrx_word' id='word_1_160' title='bbox 1445 1191 1486 1235; x_wconf 90' lang='grc' dir='ltr'><strong><em>τί</em></strong></span> <span class='ocrx_word' id='word_1_161' title='bbox 1505 1187 1554 1235; x_wconf 85' lang='grc' dir='ltr'><strong><em>τὸ</em></strong></span> <span class='ocrx_word' id='word_1_162' title='bbox 1574 1189 1717 1248; x_wconf 81' lang='grc' dir='ltr'><strong><em>μέσον.</em></strong></span> 
     </span>
     <span class='ocr_line' id='line_1_16' title="bbox 297 1254 1719 1318; baseline -0.001 -16"><span class='ocrx_word' id='word_1_163' title='bbox 297 1257 405 1317; x_wconf 81' lang='grc' dir='ltr'><strong><em>λέγω</em></strong></span> <span class='ocrx_word' id='word_1_164' title='bbox 433 1257 479 1302; x_wconf 73' lang='grc' dir='ltr'><strong><em>δε</em></strong></span> <span class='ocrx_word' id='word_1_165' title='bbox 510 1255 560 1302; x_wconf 79' lang='grc' dir='ltr'><strong><em>τὸ</em></strong></span> <span class='ocrx_word' id='word_1_166' title='bbox 593 1254 706 1302; x_wconf 80' lang='grc' dir='ltr'><strong><em>ὅτι</em></strong></span> <span class='ocrx_word' id='word_1_167' title='bbox 685 1275 714 1318; x_wconf 84' lang='grc' dir='ltr'><strong><em>η</em></strong></span> <span class='ocrx_word' id='word_1_168' title='bbox 748 1258 784 1302; x_wconf 84' lang='grc' dir='ltr'><strong><em>εἰ</em></strong></span> <span class='ocrx_word' id='word_1_169' title='bbox 811 1257 922 1302; x_wconf 77' lang='grc' dir='ltr'><strong><em>ἐστιν</em></strong></span> <span class='ocrx_word' id='word_1_170' title='bbox 952 1257 1019 1302; x_wconf 80' lang='grc' dir='ltr'><strong><em>ἐπὶ</em></strong></span> <span class='ocrx_word' id='word_1_171' title='bbox 1046 1258 1206 1315; x_wconf 83' lang='grc' dir='ltr'><strong><em>μέρους</em></strong></span> <span class='ocrx_word' id='word_1_172' title='bbox 1230 1259 1301 1302; x_wconf 83' lang='grc' dir='ltr'><strong><em>καὶ</em></strong></span> <span class='ocrx_word' id='word_1_173' title='bbox 1332 1255 1502 1312; x_wconf 78' lang='grc' dir='ltr'><strong><em>ἁπλως,</em></strong></span> <span class='ocrx_word' id='word_1_174' title='bbox 1548 1255 1614 1300; x_wconf 83' lang='grc' dir='ltr'><strong><em>ἐπὶ</em></strong></span> <span class='ocrx_word' id='word_1_175' title='bbox 1645 1254 1719 1314; x_wconf 82' lang='grc' dir='ltr'><strong><em>μέ-</em></strong></span> 
     </span>
     <span class='ocr_line' id='line_1_17' title="bbox 297 1315 1720 1407; baseline -0.002 -38"><span class='ocrx_word' id='word_1_176' title='bbox 297 1341 405 1407; x_wconf 83' lang='grc' dir='ltr'><strong><em>ρους</em></strong></span> <span class='ocrx_word' id='word_1_177' title='bbox 426 1323 524 1382; x_wconf 80' lang='grc' dir='ltr'><strong><em>μέν,</em></strong></span> <span class='ocrx_word' id='word_1_178' title='bbox 569 1315 635 1381; x_wconf 72' lang='grc' dir='ltr'><strong><em>ἆρ’</em></strong></span> <span class='ocrx_word' id='word_1_179' title='bbox 660 1323 837 1368; x_wconf 77' lang='grc' dir='ltr'><strong><em>ἐκλείπει</em></strong></span> <span class='ocrx_word' id='word_1_180' title='bbox 861 1321 891 1384; x_wconf 80' lang='grc' dir='ltr'><em>ἡ</em></span> <span class='ocrx_word' id='word_1_181' title='bbox 914 1323 1075 1385; x_wconf 83' lang='grc' dir='ltr'><strong><em>σελήνη</em></strong></span> <span class='ocrx_word' id='word_1_182' title='bbox 1103 1320 1131 1385; x_wconf 78' lang='grc' dir='ltr'><strong><em>ἦ</em></strong></span> <span class='ocrx_word' id='word_1_183' title='bbox 1127 1320 1352 1377; x_wconf 72' lang='grc' dir='ltr'><strong><em>αὕξεταις</em></strong></span> <span class='ocrx_word' id='word_1_184' title='bbox 1394 1323 1430 1367; x_wconf 82' lang='grc' dir='ltr'><strong><em>εἰ</em></strong></span> <span class='ocrx_word' id='word_1_185' title='bbox 1460 1321 1540 1382; x_wconf 79' lang='grc' dir='ltr'><strong><em>γὰρ</em></strong></span> <span class='ocrx_word' id='word_1_186' title='bbox 1572 1322 1657 1367; x_wconf 87' lang='grc' dir='ltr'><strong><em>ε’στι</em></strong></span> <span class='ocrx_word' id='word_1_187' title='bbox 1681 1338 1720 1366; x_wconf 88' lang='grc' dir='ltr'><strong><em>τι</em></strong></span> 
     </span>
     <span class='ocr_line' id='line_1_18' title="bbox 296 1386 1722 1451; baseline -0.002 -16"><span class='ocrx_word' id='word_1_188' title='bbox 296 1387 327 1451; x_wconf 80' lang='grc' dir='ltr'><em>ἢ</em></span> <span class='ocrx_word' id='word_1_189' title='bbox 347 1387 406 1451; x_wconf 90' lang='grc' dir='ltr'><strong><em>μὴ</em></strong></span> <span class='ocrx_word' id='word_1_190' title='bbox 427 1390 513 1435; x_wconf 85' lang='grc' dir='ltr'><strong><em>ε’στι</em></strong></span> <span class='ocrx_word' id='word_1_191' title='bbox 531 1406 571 1434; x_wconf 88' lang='grc' dir='ltr'><strong><em>τι</em></strong></span> <span class='ocrx_word' id='word_1_192' title='bbox 596 1389 640 1435; x_wconf 80' lang='grc' dir='ltr'><strong><em>ἐν</em></strong></span> <span class='ocrx_word' id='word_1_193' title='bbox 661 1394 751 1445; x_wconf 88' lang='grc' dir='ltr'><strong><em>τοῖς</em></strong></span> <span class='ocrx_word' id='word_1_194' title='bbox 777 1387 995 1444; x_wconf 83' lang='grc' dir='ltr'><strong><em>τοιούτοις</em></strong></span> <span class='ocrx_word' id='word_1_195' title='bbox 1025 1391 1255 1451; x_wconf 80' lang='grc' dir='ltr'><strong><em>ζητοῦμεν·</em></strong></span> <span class='ocrx_word' id='word_1_196' title='bbox 1292 1387 1439 1443; x_wconf 68' lang='grc' dir='ltr'><strong><em>ἁπλῶς</em></strong></span> <span class='ocrx_word' id='word_1_197' title='bbox 1463 1386 1522 1443; x_wconf 82' lang='grc' dir='ltr'><strong><em>δ’,</em></strong></span> <span class='ocrx_word' id='word_1_198' title='bbox 1557 1389 1595 1434; x_wconf 78' lang='grc' dir='ltr'><strong><em>εἰ</em></strong></span> <span class='ocrx_word' id='word_1_199' title='bbox 1611 1387 1722 1433; x_wconf 85' lang='grc' dir='ltr'><strong><em>ε’στιν</em></strong></span> 
     </span>
     <span class='ocr_line' id='line_1_19' title="bbox 265 1453 1720 1539; baseline -0.001 -40"><span class='ocrx_word' id='word_1_200' title='bbox 265 1454 331 1518; x_wconf 71' lang='grc' dir='ltr'><strong><em>εῆ</em></strong></span> <span class='ocrx_word' id='word_1_201' title='bbox 364 1453 423 1518; x_wconf 82' lang='grc' dir='ltr'><strong><em>μὴ</em></strong></span> <span class='ocrx_word' id='word_1_202' title='bbox 456 1455 616 1517; x_wconf 81' lang='grc' dir='ltr'><strong><em>σελήνη</em></strong></span> <span class='ocrx_word' id='word_1_203' title='bbox 648 1453 679 1516; x_wconf 78' lang='grc' dir='ltr'><em>ἢ</em></span> <span class='ocrx_word' id='word_1_204' title='bbox 711 1453 805 1510; x_wconf 79' lang='grc' dir='ltr'><strong><em>νύξ.</em></strong></span> <span class='ocrx_word' id='word_1_205' title='bbox 854 1456 1077 1514; x_wconf 82' lang='grc' dir='ltr'><strong><em>συμβαίνει</em></strong></span> <span class='ocrx_word' id='word_1_206' title='bbox 1110 1454 1194 1539; x_wconf 75' lang='grc' dir='ltr'><strong><em>ἄρα</em></strong></span> <span class='ocrx_word' id='word_1_207' title='bbox 1227 1455 1271 1501; x_wconf 82' lang='grc' dir='ltr'><strong><em>ἐν</em></strong></span> <span class='ocrx_word' id='word_1_208' title='bbox 1304 1453 1494 1510; x_wconf 75' lang='grc' dir='ltr'><strong><em>ἆπασαις</em></strong></span> <span class='ocrx_word' id='word_1_209' title='bbox 1524 1459 1616 1508; x_wconf 86' lang='grc' dir='ltr'><strong><em>ταῖς</em></strong></span> <span class='ocrx_word' id='word_1_210' title='bbox 1645 1457 1720 1535; x_wconf 80' lang='grc' dir='ltr'><strong><em>ζη-</em></strong></span> 
     </span>
     <span class='ocr_line' id='line_1_20' title="bbox 297 1518 1722 1606; baseline -0.002 -39"><span class='ocrx_word' id='word_1_211' title='bbox 297 1521 460 1606; x_wconf 84' lang='grc' dir='ltr'><strong><em>τήσεσι</em></strong></span> <span class='ocrx_word' id='word_1_212' title='bbox 482 1525 618 1583; x_wconf 87' lang='grc' dir='ltr'><strong><em>ζητεῖν</em></strong></span> <span class='ocrx_word' id='word_1_213' title='bbox 651 1519 683 1583; x_wconf 77' lang='grc' dir='ltr'><em>ἢ</em></span> <span class='ocrx_word' id='word_1_214' title='bbox 716 1523 752 1567; x_wconf 81' lang='grc' dir='ltr'><strong><em>εἰ</em></strong></span> <span class='ocrx_word' id='word_1_215' title='bbox 786 1523 872 1567; x_wconf 89' lang='grc' dir='ltr'><strong><em>ε’στι</em></strong></span> <span class='ocrx_word' id='word_1_216' title='bbox 899 1522 1030 1580; x_wconf 90' lang='grc' dir='ltr'><strong><em>μεσον</em></strong></span> <span class='ocrx_word' id='word_1_217' title='bbox 1062 1518 1091 1583; x_wconf 81' lang='grc' dir='ltr'><em>ἢ</em></span> <span class='ocrx_word' id='word_1_218' title='bbox 1117 1523 1159 1567; x_wconf 89' lang='grc' dir='ltr'><strong><em>τί</em></strong></span> <span class='ocrx_word' id='word_1_219' title='bbox 1190 1522 1275 1567; x_wconf 81' lang='grc' dir='ltr'><strong><em>ἐστι</em></strong></span> <span class='ocrx_word' id='word_1_220' title='bbox 1307 1519 1357 1567; x_wconf 82' lang='grc' dir='ltr'><strong><em>τὸ</em></strong></span> <span class='ocrx_word' id='word_1_221' title='bbox 1383 1520 1528 1580; x_wconf 82' lang='grc' dir='ltr'><strong><em>μέσον.</em></strong></span> <span class='ocrx_word' id='word_1_222' title='bbox 1574 1518 1624 1565; x_wconf 84' lang='grc' dir='ltr'><strong><em>τὸ</em></strong></span> <span class='ocrx_word' id='word_1_223' title='bbox 1646 1536 1722 1578; x_wconf 92' lang='grc' dir='ltr'><strong><em>μεν</em></strong></span> 
     </span>
     <span class='ocr_line' id='line_1_21' title="bbox 295 1579 1721 1670; baseline -0.003 -36"><span class='ocrx_word' id='word_1_224' title='bbox 295 1586 377 1648; x_wconf 73' lang='grc' dir='ltr'><strong><em>γὰρ</em></strong></span> <span class='ocrx_word' id='word_1_225' title='bbox 408 1589 544 1633; x_wconf 80' lang='grc' dir='ltr'><strong><em>αἴτιον</em></strong></span> <span class='ocrx_word' id='word_1_226' title='bbox 568 1586 618 1633; x_wconf 85' lang='grc' dir='ltr'><strong><em>τὸ</em></strong></span> <span class='ocrx_word' id='word_1_227' title='bbox 647 1588 802 1646; x_wconf 84' lang='grc' dir='ltr'><strong><em>μέσον,</em></strong></span> <span class='ocrx_word' id='word_1_228' title='bbox 847 1588 891 1633; x_wconf 82' lang='grc' dir='ltr'><strong><em>ἐν</em></strong></span> <span class='ocrx_word' id='word_1_229' title='bbox 911 1585 1058 1670; x_wconf 37' lang='grc' dir='ltr'><strong><em>’,ἅπασι</em></strong></span> <span class='ocrx_word' id='word_1_230' title='bbox 1080 1589 1125 1633; x_wconf 84' lang='grc' dir='ltr'><strong><em>ὁε</em></strong></span> <span class='ocrx_word' id='word_1_231' title='bbox 1153 1592 1283 1634; x_wconf 85' lang='grc' dir='ltr'><strong><em>τοῦτο</em></strong></span> <span class='ocrx_word' id='word_1_232' title='bbox 1317 1590 1507 1649; x_wconf 82' lang='grc' dir='ltr'><strong><em>ζητεῖται.</em></strong></span> <span class='ocrx_word' id='word_1_233' title='bbox 1563 1579 1629 1644; x_wconf 75' lang='grc' dir='ltr'><strong><em>ἆρ’</em></strong></span> <span class='ocrx_word' id='word_1_234' title='bbox 1651 1586 1721 1631; x_wconf 82' lang='grc' dir='ltr'><strong><em>ἐκ-</em></strong></span> 
     </span>
     <span class='ocr_line' id='line_1_22' title="bbox 297 1646 1722 1720; baseline -0.002 -20"><span class='ocrx_word' id='word_1_235' title='bbox 297 1655 456 1706; x_wconf 87' lang='grc' dir='ltr'><strong><em>λείπει;</em></strong></span> <span class='ocrx_word' id='word_1_236' title='bbox 489 1646 555 1720; x_wconf 75' lang='lat'><strong><em>69²</em></strong></span> <span class='ocrx_word' id='word_1_237' title='bbox 575 1655 658 1700; x_wconf 90' lang='grc' dir='ltr'><strong><em>ε’στι</em></strong></span> <span class='ocrx_word' id='word_1_238' title='bbox 688 1672 727 1699; x_wconf 87' lang='grc' dir='ltr'><strong><em>τι</em></strong></span> <span class='ocrx_word' id='word_1_239' title='bbox 746 1655 881 1699; x_wconf 72' lang='grc' dir='ltr'><strong><em>αἴτιον</em></strong></span> <span class='ocrx_word' id='word_1_240' title='bbox 901 1651 934 1715; x_wconf 79' lang='grc' dir='ltr'><strong><em>ἢ</em></strong></span> <span class='ocrx_word' id='word_1_241' title='bbox 954 1651 1032 1700; x_wconf 80' lang='grc' dir='ltr'><strong><em>οὔ·</em></strong></span> <span class='ocrx_word' id='word_1_242' title='bbox 1076 1651 1178 1713; x_wconf 76' lang='grc' dir='ltr'><strong><em>μετὰ</em></strong></span> <span class='ocrx_word' id='word_1_243' title='bbox 1207 1658 1344 1699; x_wconf 87' lang='grc' dir='ltr'><strong><em>ταῦτα</em></strong></span> <span class='ocrx_word' id='word_1_244' title='bbox 1364 1652 1534 1713; x_wconf 80' lang='grc' dir='ltr'><strong><em>γνόντες</em></strong></span> <span class='ocrx_word' id='word_1_245' title='bbox 1555 1650 1619 1697; x_wconf 90' lang='grc' dir='ltr'><strong><em>ότι</em></strong></span> <span class='ocrx_word' id='word_1_246' title='bbox 1637 1652 1722 1698; x_wconf 83' lang='grc' dir='ltr'><strong><em>ε’στι</em></strong></span> 
     </span>
     <span class='ocr_line' id='line_1_23' title="bbox 297 1712 1719 1801; baseline -0.001 -35"><span class='ocrx_word' id='word_1_247' title='bbox 297 1739 351 1777; x_wconf 90' lang='grc' dir='ltr'><strong><em>τι,</em></strong></span> <span class='ocrx_word' id='word_1_248' title='bbox 384 1721 426 1765; x_wconf 88' lang='grc' dir='ltr'><strong><em>τί</em></strong></span> <span class='ocrx_word' id='word_1_249' title='bbox 452 1712 535 1766; x_wconf 78' lang='grc' dir='ltr'><strong><em>οὖν</em></strong></span> <span class='ocrx_word' id='word_1_250' title='bbox 564 1718 683 1766; x_wconf 78' lang='grc' dir='ltr'><strong><em>τοῦτ’</em></strong></span> <span class='ocrx_word' id='word_1_251' title='bbox 692 1721 778 1765; x_wconf 84' lang='grc' dir='ltr'><strong><em>ε’στι</em></strong></span> <span class='ocrx_word' id='word_1_252' title='bbox 798 1723 1021 1782; x_wconf 82' lang='grc' dir='ltr'><strong><em>ζητοῦμεν.</em></strong></span> <span class='ocrx_word' id='word_1_253' title='bbox 1066 1718 1118 1765; x_wconf 84' lang='grc' dir='ltr'><strong><em>τὸ</em></strong></span> <span class='ocrx_word' id='word_1_254' title='bbox 1151 1718 1253 1801; x_wconf 37' lang='grc' dir='ltr'><strong><em>γὰρ.)</em></strong></span> <span class='ocrx_word' id='word_1_255' title='bbox 1260 1721 1396 1765; x_wconf 78' lang='grc' dir='ltr'><strong><em>αἴτιον</em></strong></span> <span class='ocrx_word' id='word_1_256' title='bbox 1412 1722 1502 1765; x_wconf 81' lang='grc' dir='ltr'><strong><em>τοῦ</em></strong></span> <span class='ocrx_word' id='word_1_257' title='bbox 1524 1715 1630 1764; x_wconf 79' lang='grc' dir='ltr'><strong><em>εἶναι</em></strong></span> <span class='ocrx_word' id='word_1_258' title='bbox 1660 1715 1719 1779; x_wconf 81' lang='grc' dir='ltr'><strong><em>μὴ</em></strong></span> 
     </span>
     <span class='ocr_line' id='line_1_24' title="bbox 249 1783 1722 1847; baseline -0.001 -16"><span class='ocrx_word' id='word_1_259' title='bbox 249 1805 283 1831; x_wconf 95' lang='lat'><strong><em>10</em></strong></span> <span class='ocrx_word' id='word_1_260' title='bbox 297 1788 388 1832; x_wconf 79' lang='grc' dir='ltr'><strong><em>τοδὶ</em></strong></span> <span class='ocrx_word' id='word_1_261' title='bbox 423 1784 455 1847; x_wconf 77' lang='grc' dir='ltr'><em>ἢ</em></span> <span class='ocrx_word' id='word_1_262' title='bbox 487 1788 580 1831; x_wconf 78' lang='grc' dir='ltr'><strong><em>τοδὶ</em></strong></span> <span class='ocrx_word' id='word_1_263' title='bbox 613 1784 706 1831; x_wconf 69' lang='grc' dir='ltr'><strong><em>ἀλλ’</em></strong></span> <span class='ocrx_word' id='word_1_264' title='bbox 739 1784 887 1841; x_wconf 74' lang='grc' dir='ltr'><strong><em>ἁπλῶς</em></strong></span> <span class='ocrx_word' id='word_1_265' title='bbox 918 1783 996 1847; x_wconf 79' lang='grc' dir='ltr'><strong><em>τήν</em></strong></span> <span class='ocrx_word' id='word_1_266' title='bbox 1029 1784 1198 1841; x_wconf 88' lang='grc' dir='ltr'><strong><em>ουσίαν,</em></strong></span> <span class='ocrx_word' id='word_1_267' title='bbox 1233 1783 1262 1847; x_wconf 77' lang='grc' dir='ltr'><em>ἢ</em></span> <span class='ocrx_word' id='word_1_268' title='bbox 1297 1784 1346 1831; x_wconf 86' lang='grc' dir='ltr'><strong><em>τὸ</em></strong></span> <span class='ocrx_word' id='word_1_269' title='bbox 1376 1784 1434 1846; x_wconf 80' lang='grc' dir='ltr'><strong><em>μὴ</em></strong></span> <span class='ocrx_word' id='word_1_270' title='bbox 1464 1783 1612 1840; x_wconf 70' lang='grc' dir='ltr'><strong><em>ἁπλοῖς</em></strong></span> <span class='ocrx_word' id='word_1_271' title='bbox 1645 1783 1722 1829; x_wconf 81' lang='grc' dir='ltr'><strong><em>ἆλ-</em></strong></span> 
     </span>
     <span class='ocr_line' id='line_1_25' title="bbox 298 1849 1719 1936; baseline -0.002 -38"><span class='ocrx_word' id='word_1_272' title='bbox 298 1852 353 1898; x_wconf 80' lang='grc' dir='ltr'><strong><em>λά</em></strong></span> <span class='ocrx_word' id='word_1_273' title='bbox 385 1870 424 1897; x_wconf 93' lang='grc' dir='ltr'><strong><em>τι</em></strong></span> <span class='ocrx_word' id='word_1_274' title='bbox 455 1856 543 1897; x_wconf 73' lang='grc' dir='ltr'><strong><em>τῶν</em></strong></span> <span class='ocrx_word' id='word_1_275' title='bbox 575 1850 678 1897; x_wconf 71' lang='grc' dir='ltr'><strong><em>καθ’</em></strong></span> <span class='ocrx_word' id='word_1_276' title='bbox 714 1850 823 1898; x_wconf 76' lang='grc' dir='ltr'><strong><em>αὐτὸ</em></strong></span> <span class='ocrx_word' id='word_1_277' title='bbox 856 1850 887 1914; x_wconf 79' lang='grc' dir='ltr'><em>ἢ</em></span> <span class='ocrx_word' id='word_1_278' title='bbox 918 1849 1026 1897; x_wconf 71' lang='grc' dir='ltr'><strong><em>κατὰ</em></strong></span> <span class='ocrx_word' id='word_1_279' title='bbox 1052 1851 1335 1936; x_wconf 80' lang='grc' dir='ltr'><strong><em>συμβεβηκός,</em></strong></span> <span class='ocrx_word' id='word_1_280' title='bbox 1364 1849 1415 1896; x_wconf 77' lang='grc' dir='ltr'><strong><em>τό</em></strong></span> <span class='ocrx_word' id='word_1_281' title='bbox 1441 1851 1575 1910; x_wconf 82' lang='grc' dir='ltr'><strong><em>μέσον</em></strong></span> <span class='ocrx_word' id='word_1_282' title='bbox 1596 1851 1719 1896; x_wconf 79' lang='grc' dir='ltr'><strong><em>ἐστίν.</em></strong></span> 
     </span>
     <span class='ocr_line' id='line_1_26' title="bbox 299 1914 1724 1979; baseline -0.003 -14"><span class='ocrx_word' id='word_1_283' title='bbox 299 1919 406 1979; x_wconf 78' lang='grc' dir='ltr'><strong><em>λέγω</em></strong></span> <span class='ocrx_word' id='word_1_284' title='bbox 425 1919 470 1963; x_wconf 74' lang='grc' dir='ltr'><strong><em>δε</em></strong></span> <span class='ocrx_word' id='word_1_285' title='bbox 497 1916 547 1963; x_wconf 87' lang='grc' dir='ltr'>τὸ</span> <span class='ocrx_word' id='word_1_286' title='bbox 577 1936 654 1978; x_wconf 90' lang='grc' dir='ltr'><strong><em>μεν</em></strong></span> <span class='ocrx_word' id='word_1_287' title='bbox 685 1916 830 1974; x_wconf 74' lang='grc' dir='ltr'><strong><em>ἁπλῶς</em></strong></span> <span class='ocrx_word' id='word_1_288' title='bbox 849 1915 900 1964; x_wconf 81' lang='grc' dir='ltr'><strong><em>τὸ</em></strong></span> <span class='ocrx_word' id='word_1_289' title='bbox 923 1915 1226 1977; x_wconf 80' lang='grc' dir='ltr'><strong><em>ὑποκείμενον,</em></strong></span> <span class='ocrx_word' id='word_1_290' title='bbox 1272 1923 1367 1963; x_wconf 81' lang='grc' dir='ltr'><strong><em>οἱον</em></strong></span> <span class='ocrx_word' id='word_1_291' title='bbox 1385 1914 1612 1978; x_wconf 83' lang='grc' dir='ltr'><strong><em>σελήνην</em></strong></span> <span class='ocrx_word' id='word_1_292' title='bbox 1593 1935 1621 1978; x_wconf 85' lang='grc' dir='ltr'><strong><em>η</em></strong></span> <span class='ocrx_word' id='word_1_293' title='bbox 1641 1919 1724 1978; x_wconf 84' lang='grc' dir='ltr'><strong><em>γῆν</em></strong></span> 
     </span>
     <span class='ocr_line' id='line_1_27' title="bbox 297 1981 1722 2067; baseline -0.002 -37"><span class='ocrx_word' id='word_1_294' title='bbox 297 1982 327 2047; x_wconf 79' lang='grc' dir='ltr'>ἢ</span> <span class='ocrx_word' id='word_1_295' title='bbox 360 1982 484 2046; x_wconf 77' lang='grc' dir='ltr'><strong><em>ἥλιον</em></strong></span> <span class='ocrx_word' id='word_1_296' title='bbox 515 1981 549 2046; x_wconf 75' lang='grc' dir='ltr'><em>ἢ</em></span> <span class='ocrx_word' id='word_1_297' title='bbox 581 1986 798 2067; x_wconf 81' lang='grc' dir='ltr'><strong><em>τρίγωνον,</em></strong></span> <span class='ocrx_word' id='word_1_298' title='bbox 832 1982 881 2029; x_wconf 80' lang='grc' dir='ltr'><strong><em>τὸ</em></strong></span> <span class='ocrx_word' id='word_1_299' title='bbox 915 1985 960 2029; x_wconf 75' lang='grc' dir='ltr'><strong><em>δε</em></strong></span> <span class='ocrx_word' id='word_1_300' title='bbox 994 1985 1032 2029; x_wconf 88' lang='grc' dir='ltr'><strong><em>τὶ</em></strong></span> <span class='ocrx_word' id='word_1_301' title='bbox 1067 1985 1255 2038; x_wconf 71' lang='grc' dir='ltr'><strong><em>ἔκλειψιν</em></strong></span> <span class='ocrx_word' id='word_1_302' title='bbox 1281 1983 1457 2045; x_wconf 83' lang='grc' dir='ltr'><strong><em>ἰσότητα</em></strong></span> <span class='ocrx_word' id='word_1_303' title='bbox 1480 1981 1722 2044; x_wconf 68' lang='grc' dir='ltr'><strong><em>ἀνισότητα,</em></strong></span> 
     </span>
     <span class='ocr_line' id='line_1_28' title="bbox 299 2046 1722 2114; baseline -0.003 -17"><span class='ocrx_word' id='word_1_304' title='bbox 299 2052 336 2097; x_wconf 82' lang='grc' dir='ltr'><strong><em>εἰ</em></strong></span> <span class='ocrx_word' id='word_1_305' title='bbox 368 2051 412 2097; x_wconf 81' lang='grc' dir='ltr'><strong><em>ἐν</em></strong></span> <span class='ocrx_word' id='word_1_306' title='bbox 444 2051 561 2114; x_wconf 77' lang='grc' dir='ltr'><strong><em>μέσῳ</em></strong></span> <span class='ocrx_word' id='word_1_307' title='bbox 594 2048 627 2111; x_wconf 74' lang='grc' dir='ltr'><em>ἢ</em></span> <span class='ocrx_word' id='word_1_308' title='bbox 659 2050 733 2113; x_wconf 91' lang='grc' dir='ltr'><strong><em>μή.</em></strong></span> <span class='ocrx_word' id='word_1_309' title='bbox 779 2051 823 2096; x_wconf 71' lang='grc' dir='ltr'><strong><em>ἐν</em></strong></span> <span class='ocrx_word' id='word_1_310' title='bbox 849 2048 982 2095; x_wconf 90' lang='grc' dir='ltr'><strong><em>απασι</em></strong></span> <span class='ocrx_word' id='word_1_311' title='bbox 1001 2068 1084 2110; x_wconf 78' lang='grc' dir='ltr'><strong><em>γαρ</em></strong></span> <span class='ocrx_word' id='word_1_312' title='bbox 1110 2050 1284 2106; x_wconf 85' lang='grc' dir='ltr'><strong><em>τούτοις</em></strong></span> <span class='ocrx_word' id='word_1_313' title='bbox 1308 2048 1502 2110; x_wconf 86' lang='grc' dir='ltr'><strong><em>φανερόν</em></strong></span> <span class='ocrx_word' id='word_1_314' title='bbox 1522 2046 1683 2094; x_wconf 68' lang='grc' dir='ltr'><strong><em>ἐστιν”’</em></strong></span> <span class='ocrx_word' id='word_1_315' title='bbox 1654 2066 1722 2094; x_wconf 93' lang='grc' dir='ltr'><strong><em>οτι</em></strong></span> 
     </span>
     <span class='ocr_line' id='line_1_29' title="bbox 251 2115 1724 2170; baseline -0.001 -8"><span class='ocrx_word' id='word_1_316' title='bbox 251 2135 283 2162; x_wconf 86' lang='lat'><strong><em>15</em></strong></span> <span class='ocrx_word' id='word_1_317' title='bbox 298 2115 349 2163; x_wconf 86' lang='grc' dir='ltr'><strong><em>τὸ</em></strong></span> <span class='ocrx_word' id='word_1_318' title='bbox 380 2115 489 2162; x_wconf 70' lang='grc' dir='ltr'><strong><em>αὐτό</em></strong></span> <span class='ocrx_word' id='word_1_319' title='bbox 518 2117 603 2162; x_wconf 81' lang='grc' dir='ltr'><strong><em>ἐστι</em></strong></span> <span class='ocrx_word' id='word_1_320' title='bbox 631 2115 682 2163; x_wconf 84' lang='grc' dir='ltr'><strong><em>τὸ</em></strong></span> <span class='ocrx_word' id='word_1_321' title='bbox 711 2117 754 2162; x_wconf 90' lang='grc' dir='ltr'><strong><em>τί</em></strong></span> <span class='ocrx_word' id='word_1_322' title='bbox 773 2117 861 2162; x_wconf 78' lang='grc' dir='ltr'><strong><em>ἐστι</em></strong></span> <span class='ocrx_word' id='word_1_323' title='bbox 887 2117 958 2161; x_wconf 84' lang='grc' dir='ltr'><strong><em>καὶ</em></strong></span> <span class='ocrx_word' id='word_1_324' title='bbox 981 2115 1052 2162; x_wconf 73' lang='grc' dir='ltr'><strong><em>διὰ</em></strong></span> <span class='ocrx_word' id='word_1_325' title='bbox 1072 2117 1114 2161; x_wconf 88' lang='grc' dir='ltr'><strong><em>τί</em></strong></span> <span class='ocrx_word' id='word_1_326' title='bbox 1133 2117 1255 2162; x_wconf 79' lang='grc' dir='ltr'><strong><em>ἐστιν.</em></strong></span> <span class='ocrx_word' id='word_1_327' title='bbox 1308 2117 1350 2161; x_wconf 92' lang='grc' dir='ltr'><strong><em>τί</em></strong></span> <span class='ocrx_word' id='word_1_328' title='bbox 1377 2116 1488 2161; x_wconf 78' lang='grc' dir='ltr'><strong><em>ἐστιν</em></strong></span> <span class='ocrx_word' id='word_1_329' title='bbox 1514 2115 1724 2170; x_wconf 75' lang='grc' dir='ltr'><strong><em>εκλειψιςς</em></strong></span> 
     </span>
    </p>
   </div>
   <div class='ocr_carea' id='block_1_4' title="bbox 299 2177 1724 2245">
    <p class='ocr_par' dir='ltr' id='par_1_4' title="bbox 299 2177 1724 2245">
     <span class='ocr_line' id='line_1_30' title="bbox 299 2177 1724 2245; baseline -0.002 -16"><span class='ocrx_word' id='word_1_330' title='bbox 299 2184 498 2245; x_wconf 82' lang='grc' dir='ltr'><strong><em>στέρησις</em></strong></span> <span class='ocrx_word' id='word_1_331' title='bbox 530 2181 680 2243; x_wconf 83' lang='grc' dir='ltr'><strong><em>φωτὸς</em></strong></span> <span class='ocrx_word' id='word_1_332' title='bbox 711 2181 798 2229; x_wconf 72' lang='grc' dir='ltr'><strong><em>ἀπὸ</em></strong></span> <span class='ocrx_word' id='word_1_333' title='bbox 834 2181 1021 2245; x_wconf 84' lang='grc' dir='ltr'><strong><em>σελήνης</em></strong></span> <span class='ocrx_word' id='word_1_334' title='bbox 1051 2180 1144 2228; x_wconf 79' lang='grc' dir='ltr'><strong><em>ὑπὸ</em></strong></span> <span class='ocrx_word' id='word_1_335' title='bbox 1177 2187 1260 2245; x_wconf 73' lang='grc' dir='ltr'><strong><em>γῆς</em></strong></span> <span class='ocrx_word' id='word_1_336' title='bbox 1293 2179 1593 2242; x_wconf 81' lang='grc' dir='ltr'><strong><em>ἄντιφράξεως.</em></strong></span> <span class='ocrx_word' id='word_1_337' title='bbox 1651 2177 1724 2226; x_wconf 72' lang='grc' dir='ltr'><strong><em>διὰ</em></strong></span> 
     </span>
    </p>
   </div>
   <div class='ocr_carea' id='block_1_5' title="bbox 304 2295 484 2300">
    <p class='ocr_par' dir='ltr' id='par_1_5' title="bbox 304 2295 484 2300">
     <span class='ocr_line' id='line_1_31' title="bbox 304 2295 484 2300; baseline 0 0"><span class='ocrx_word' id='word_1_338' title='bbox 304 2295 484 2300; x_wconf 95' lang='lat' dir='ltr'><strong><em> </em></strong></span> 
     </span>
    </p>
   </div>
   <div class='ocr_carea' id='block_1_6' title="bbox 302 2344 1725 2841">
    <p class='ocr_par' dir='ltr' id='par_1_6' title="bbox 388 2344 1722 2404">
     <span class='ocr_line' id='line_1_32' title="bbox 388 2344 1722 2404; baseline -0.003 -21"><span class='ocrx_word' id='word_1_339' title='bbox 388 2351 432 2383; x_wconf 87' lang='grc'><strong><em>28</em></strong></span> <span class='ocrx_word' id='word_1_340' title='bbox 454 2347 595 2394; x_wconf 75' lang='grc' dir='ltr'><strong><em>παυόμε</em></strong></span> <span class='ocrx_word' id='word_1_341' title='bbox 584 2351 653 2383; x_wconf 75' lang='grc' dir='ltr'><strong><em>εθα</em></strong></span> <span class='ocrx_word' id='word_1_342' title='bbox 675 2362 707 2382; x_wconf 83' lang='lat' dir='ltr'><strong><em>n.</em></strong></span> <span class='ocrx_word' id='word_1_343' title='bbox 739 2370 784 2374; x_wconf 94' lang='lat'><strong><em>-—</em></strong></span> <span class='ocrx_word' id='word_1_344' title='bbox 820 2351 953 2392; x_wconf 80' lang='grc' dir='ltr'><strong><em>ἴδωμεν</em></strong></span> <span class='ocrx_word' id='word_1_345' title='bbox 981 2352 1015 2383; x_wconf 95' lang='lat' dir='ltr'><strong><em>A.</em></strong></span> <span class='ocrx_word' id='word_1_346' title='bbox 1046 2370 1088 2375; x_wconf 85' lang='lat'><em>-</em></span> <span class='ocrx_word' id='word_1_347' title='bbox 1121 2352 1164 2384; x_wconf 87' lang='grc'><strong><em>29</em></strong></span> <span class='ocrx_word' id='word_1_348' title='bbox 1190 2347 1246 2383; x_wconf 82' lang='grc' dir='ltr'><strong><em>ότι</em></strong></span> <span class='ocrx_word' id='word_1_349' title='bbox 1270 2349 1352 2383; x_wconf 83' lang='grc' dir='ltr'><strong><em>τότε</em></strong></span> <span class='ocrx_word' id='word_1_350' title='bbox 1375 2347 1415 2382; x_wconf 82' lang='grc' dir='ltr'><strong><em>τὸ</em></strong></span> <span class='ocrx_word' id='word_1_351' title='bbox 1444 2350 1525 2404; x_wconf 81' lang='lat' dir='ltr'><strong><em>Dfn.</em></strong></span> <span class='ocrx_word' id='word_1_352' title='bbox 1568 2367 1599 2372; x_wconf 89' lang='lat'>-</span> <span class='ocrx_word' id='word_1_353' title='bbox 1634 2349 1677 2380; x_wconf 79' lang='lat'><strong><em>30</em></strong></span> <span class='ocrx_word' id='word_1_354' title='bbox 1700 2344 1722 2390; x_wconf 86' lang='grc' dir='ltr'>ἡ</span> 
     </span>
    </p>

    <p class='ocr_par' dir='ltr' id='par_1_7' title="bbox 302 2390 1724 2521">
     <span class='ocr_line' id='line_1_33' title="bbox 348 2390 1724 2448; baseline -0.004 -19.919"><span class='ocrx_word' id='word_1_355' title='bbox 348 2398 523 2429; x_wconf 80' lang='grc' dir='ltr'><strong><em>,κινεῖται</em></strong></span> <span class='ocrx_word' id='word_1_356' title='bbox 547 2408 583 2427; x_wconf 83' lang='lat' dir='ltr'><strong><em>re</em></strong></span> <span class='ocrx_word' id='word_1_357' title='bbox 607 2407 662 2437; x_wconf 81' lang='lat' dir='ltr'><strong><em>mg</em></strong></span> <span class='ocrx_word' id='word_1_358' title='bbox 683 2407 716 2427; x_wconf 79' lang='lat' dir='ltr'><strong><em>n.</em></strong></span> <span class='ocrx_word' id='word_1_359' title='bbox 740 2415 784 2420; x_wconf 83' lang='lat'><strong><em>——-</em></strong></span> <span class='ocrx_word' id='word_1_360' title='bbox 809 2397 848 2429; x_wconf 84' lang='lat'><strong><em>31</em></strong></span> <span class='ocrx_word' id='word_1_361' title='bbox 876 2403 910 2428; x_wconf 80' lang='lat' dir='ltr'><strong><em>et</em></strong></span> <span class='ocrx_word' id='word_1_362' title='bbox 933 2397 976 2429; x_wconf 76' lang='lat'><strong><em>34</em></strong></span> <span class='ocrx_word' id='word_1_363' title='bbox 1000 2408 1064 2429; x_wconf 80' lang='grc' dir='ltr'><strong><em>ουν</em></strong></span> <span class='ocrx_word' id='word_1_364' title='bbox 1090 2407 1142 2427; x_wconf 85' lang='lat' dir='ltr'><strong><em>om</em></strong></span> <span class='ocrx_word' id='word_1_365' title='bbox 1169 2395 1200 2427; x_wconf 83' lang='lat' dir='ltr'><strong><em>d.</em></strong></span> <span class='ocrx_word' id='word_1_366' title='bbox 1228 2412 1268 2418; x_wconf 92' lang='lat'>—</span> <span class='ocrx_word' id='word_1_367' title='bbox 1294 2396 1337 2426; x_wconf 76' lang='lat'><strong><em>32</em></strong></span> <span class='ocrx_word' id='word_1_368' title='bbox 1361 2393 1412 2448; x_wconf 80' lang='grc' dir='ltr'><strong><em>εἰ]</em></strong></span> <span class='ocrx_word' id='word_1_369' title='bbox 1439 2390 1464 2436; x_wconf 83' lang='grc' dir='ltr'><em>ἦ</em></span> <span class='ocrx_word' id='word_1_370' title='bbox 1491 2393 1538 2425; x_wconf 88' lang='grc' dir='ltr'><strong><em>Μ.</em></strong></span> <span class='ocrx_word' id='word_1_371' title='bbox 1569 2410 1605 2415; x_wconf 85' lang='lat'><strong><em>—·</em></strong></span> <span class='ocrx_word' id='word_1_372' title='bbox 1632 2393 1674 2425; x_wconf 77' lang='lat'><strong><em>34</em></strong></span> <span class='ocrx_word' id='word_1_373' title='bbox 1690 2399 1724 2423; x_wconf 77' lang='lat' dir='ltr'><strong><em>et</em></strong></span> 
     </span>
     <span class='ocr_line' id='line_1_34' title="bbox 303 2434 1722 2483; baseline -0.004 -9"><span class='ocrx_word' id='word_1_374' title='bbox 303 2442 345 2474; x_wconf 87' lang='grc'><strong><em>38</em></strong></span> <span class='ocrx_word' id='word_1_375' title='bbox 369 2452 522 2483; x_wconf 77' lang='grc' dir='ltr'><strong><em>γνωντες</em></strong></span> <span class='ocrx_word' id='word_1_376' title='bbox 539 2441 586 2473; x_wconf 92' lang='grc' dir='ltr'><strong><em>Μ.</em></strong></span> <span class='ocrx_word' id='word_1_377' title='bbox 608 2458 646 2464; x_wconf 87' lang='grc'><strong><em>--</em></strong></span> <span class='ocrx_word' id='word_1_378' title='bbox 674 2441 715 2473; x_wconf 88' lang='grc'><strong><em>37</em></strong></span> <span class='ocrx_word' id='word_1_379' title='bbox 739 2438 803 2480; x_wconf 71' lang='grc' dir='ltr'><strong><em>μὶν</em></strong></span> <span class='ocrx_word' id='word_1_380' title='bbox 828 2452 882 2472; x_wconf 89' lang='lat' dir='ltr'><strong><em>om</em></strong></span> <span class='ocrx_word' id='word_1_381' title='bbox 900 2441 974 2473; x_wconf 83' lang='lat' dir='ltr'><strong><em>clM.</em></strong></span> <span class='ocrx_word' id='word_1_382' title='bbox 993 2459 1035 2465; x_wconf 91' lang='lat'><strong><em>-——</em></strong></span> <span class='ocrx_word' id='word_1_383' title='bbox 1059 2441 1103 2473; x_wconf 83' lang='lat'><strong><em>38</em></strong></span> <span class='ocrx_word' id='word_1_384' title='bbox 1126 2436 1233 2473; x_wconf 76' lang='grc' dir='ltr'><strong><em>ὅταν.</em></strong></span> <span class='ocrx_word' id='word_1_385' title='bbox 1265 2435 1343 2472; x_wconf 68' lang='grc' dir='ltr'><strong><em>,ότι</em></strong></span> <span class='ocrx_word' id='word_1_386' title='bbox 1367 2434 1390 2481; x_wconf 77' lang='grc' dir='ltr'><strong><em>ἢ</em></strong></span> <span class='ocrx_word' id='word_1_387' title='bbox 1416 2449 1540 2470; x_wconf 76' lang='lat' dir='ltr'><strong><em>con-n.</em></strong></span> <span class='ocrx_word' id='word_1_388' title='bbox 1553 2456 1597 2460; x_wconf 97' lang='lat'><strong>—</strong></span> <span class='ocrx_word' id='word_1_389' title='bbox 1619 2436 1722 2479; x_wconf 64' lang='lat'>3922]</span> 
     </span>
     <span class='ocr_line' id='line_1_35' title="bbox 302 2481 880 2521; baseline -0.003 -3"><span class='ocrx_word' id='word_1_390' title='bbox 302 2483 342 2518; x_wconf 84' lang='grc' dir='ltr'><strong><em>τὰ</em></strong></span> <span class='ocrx_word' id='word_1_391' title='bbox 369 2486 403 2520; x_wconf 88' lang='grc' dir='ltr'><strong><em>εἰ</em></strong></span> <span class='ocrx_word' id='word_1_392' title='bbox 429 2487 468 2520; x_wconf 91' lang='lat' dir='ltr'><strong><em>D.</em></strong></span> <span class='ocrx_word' id='word_1_393' title='bbox 493 2504 535 2511; x_wconf 92' lang='lat'><strong><em>—-</em></strong></span> <span class='ocrx_word' id='word_1_394' title='bbox 561 2482 602 2518; x_wconf 81' lang='grc' dir='ltr'><strong><em>τὸ</em></strong></span> <span class='ocrx_word' id='word_1_395' title='bbox 628 2485 663 2518; x_wconf 79' lang='grc' dir='ltr'><strong><em>εἰ</em></strong></span> <span class='ocrx_word' id='word_1_396' title='bbox 684 2481 805 2521; x_wconf 58' lang='lat' dir='ltr'><strong><em>ananus</em></strong></span> <span class='ocrx_word' id='word_1_397' title='bbox 834 2486 880 2517; x_wconf 92' lang='lat' dir='ltr'><strong><em>M.</em></strong></span> 
     </span>
    </p>

    <p class='ocr_par' dir='ltr' id='par_1_8' title="bbox 304 2521 1725 2841">
     <span class='ocr_line' id='line_1_36' title="bbox 390 2521 1724 2573; baseline -0.004 -10"><span class='ocrx_word' id='word_1_398' title='bbox 390 2530 473 2563; x_wconf 67' lang='lat'><strong><em>9021</em></strong></span> <span class='ocrx_word' id='word_1_399' title='bbox 500 2528 554 2573; x_wconf 87' lang='grc' dir='ltr'><strong><em>τὸ]</em></strong></span> <span class='ocrx_word' id='word_1_400' title='bbox 580 2525 606 2572; x_wconf 73' lang='grc' dir='ltr'><em>ἢ</em></span> <span class='ocrx_word' id='word_1_401' title='bbox 626 2524 667 2563; x_wconf 79' lang='grc' dir='ltr'><strong><em>τὸ</em></strong></span> <span class='ocrx_word' id='word_1_402' title='bbox 691 2541 725 2561; x_wconf 77' lang='lat' dir='ltr'>n</span> <span class='ocrx_word' id='word_1_403' title='bbox 751 2530 992 2572; x_wconf 74' lang='grc' dir='ltr'><strong><em>--ζητοῦμεν</em></strong></span> <span class='ocrx_word' id='word_1_404' title='bbox 1017 2528 1212 2566; x_wconf 81' lang='lat' dir='ltr'><strong><em>ABDdMu,</em></strong></span> <span class='ocrx_word' id='word_1_405' title='bbox 1237 2539 1278 2570; x_wconf 82' lang='lat' dir='ltr'><strong><em>pr</em></strong></span> <span class='ocrx_word' id='word_1_406' title='bbox 1301 2539 1327 2559; x_wconf 87' lang='lat' dir='ltr'><strong>c</strong></span> <span class='ocrx_word' id='word_1_407' title='bbox 1353 2545 1397 2551; x_wconf 86' lang='lat'><strong><em>—-</em></strong></span> <span class='ocrx_word' id='word_1_408' title='bbox 1419 2527 1440 2558; x_wconf 79' lang='grc'><strong>2</strong></span> <span class='ocrx_word' id='word_1_409' title='bbox 1463 2521 1487 2567; x_wconf 80' lang='grc' dir='ltr'><em>ἢ</em></span> <span class='ocrx_word' id='word_1_410' title='bbox 1508 2525 1564 2567; x_wconf 79' lang='grc' dir='ltr'><strong><em>εἰ]</em></strong></span> <span class='ocrx_word' id='word_1_411' title='bbox 1583 2538 1616 2558; x_wconf 89' lang='grc' dir='ltr'><strong><em>τι</em></strong></span> <span class='ocrx_word' id='word_1_412' title='bbox 1635 2537 1675 2568; x_wconf 85' lang='lat' dir='ltr'><strong><em>pr</em></strong></span> <span class='ocrx_word' id='word_1_413' title='bbox 1694 2536 1724 2567; x_wconf 82' lang='lat' dir='ltr'><strong><em>c,</em></strong></span> 
     </span>
     <span class='ocr_line' id='line_1_37' title="bbox 304 2553 1725 2630; baseline -0.002 -24"><span class='ocrx_word' id='word_1_414' title='bbox 304 2586 358 2606; x_wconf 89' lang='lat' dir='ltr'><strong><em>om</em></strong></span> <span class='ocrx_word' id='word_1_415' title='bbox 384 2576 536 2608; x_wconf 77' lang='lat' dir='ltr'><strong><em>AMdet</em></strong></span> <span class='ocrx_word' id='word_1_416' title='bbox 560 2576 674 2617; x_wconf 79' lang='lat' dir='ltr'><strong><em>er,</em></strong></span> <span class='ocrx_word' id='word_1_417' title='bbox 708 2570 979 2630; x_wconf 60' lang='grc' dir='ltr'><strong><em>ἢείιοηπμπ.</em></strong></span> <span class='ocrx_word' id='word_1_418' title='bbox 1013 2590 1058 2598; x_wconf 92' lang='grc'>-</span> <span class='ocrx_word' id='word_1_419' title='bbox 1090 2553 1311 2606; x_wconf 56' lang='grc' dir='ltr'><strong><em>ἔστινὀῐῐιᾱ.</em></strong></span> <span class='ocrx_word' id='word_1_420' title='bbox 1343 2592 1384 2596; x_wconf 90' lang='lat'><strong><em>——</em></strong></span> <span class='ocrx_word' id='word_1_421' title='bbox 1420 2568 1558 2615; x_wconf 82' lang='grc' dir='ltr'><strong><em>4ἢμή</em></strong></span> <span class='ocrx_word' id='word_1_422' title='bbox 1591 2569 1663 2603; x_wconf 84' lang='grc' dir='ltr'><strong><em>εστι</em></strong></span> <span class='ocrx_word' id='word_1_423' title='bbox 1688 2582 1725 2603; x_wconf 87' lang='grc' dir='ltr'><strong><em>τι</em></strong></span> 
     </span>
     <span class='ocr_line' id='line_1_38' title="bbox 305 2587 1723 2673; baseline -0.001 -24"><span class='ocrx_word' id='word_1_424' title='bbox 305 2587 1435 2673; x_wconf 18' lang='lat' dir='ltr'><strong><em>omclaqssj-5altnomd.-6?1*0mD.-scpr0mu.</em></strong></span> <span class='ocrx_word' id='word_1_425' title='bbox 1464 2611 1723 2670; x_wconf 76' lang='grc' dir='ltr'><strong><em>-8τι]τόἆ.</em></strong></span> 
     </span>
     <span class='ocr_line' id='line_1_39' title="bbox 304 2655 1724 2718; baseline -0.004 -21"><span class='ocrx_word' id='word_1_426' title='bbox 304 2681 345 2686; x_wconf 91' lang='grc'>-</span> <span class='ocrx_word' id='word_1_427' title='bbox 369 2664 463 2705; x_wconf 79' lang='grc' dir='ltr'><strong><em>γνῶν</em></strong></span> <span class='ocrx_word' id='word_1_428' title='bbox 489 2666 526 2703; x_wconf 88' lang='lat' dir='ltr'><strong><em>A,</em></strong></span> <span class='ocrx_word' id='word_1_429' title='bbox 551 2665 704 2718; x_wconf 77' lang='grc' dir='ltr'><strong><em>γνῶντες</em></strong></span> <span class='ocrx_word' id='word_1_430' title='bbox 730 2665 778 2704; x_wconf 88' lang='grc' dir='ltr'><strong><em>Μ,</em></strong></span> <span class='ocrx_word' id='word_1_431' title='bbox 803 2664 937 2718; x_wconf 54' lang='grc' dir='ltr'><strong><em>Άνῶναι</em></strong></span> <span class='ocrx_word' id='word_1_432' title='bbox 961 2663 994 2695; x_wconf 84' lang='lat' dir='ltr'><strong><em>d.</em></strong></span> <span class='ocrx_word' id='word_1_433' title='bbox 1020 2681 1059 2686; x_wconf 94' lang='lat'><strong><em>——</em></strong></span> <span class='ocrx_word' id='word_1_434' title='bbox 1085 2663 1104 2694; x_wconf 92' lang='lat'><strong>9</strong></span> <span class='ocrx_word' id='word_1_435' title='bbox 1129 2674 1161 2695; x_wconf 83' lang='grc' dir='ltr'><strong><em>τι</em></strong></span> <span class='ocrx_word' id='word_1_436' title='bbox 1189 2674 1241 2694; x_wconf 87' lang='lat' dir='ltr'><strong><em>om</em></strong></span> <span class='ocrx_word' id='word_1_437' title='bbox 1266 2673 1299 2694; x_wconf 77' lang='grc' dir='ltr'><strong><em>τι.</em></strong></span> <span class='ocrx_word' id='word_1_438' title='bbox 1324 2679 1367 2688; x_wconf 87' lang='lat'><strong><em>-·-</em></strong></span> <span class='ocrx_word' id='word_1_439' title='bbox 1390 2659 1485 2694; x_wconf 75' lang='grc' dir='ltr'><strong><em>ἐστιν</em></strong></span> <span class='ocrx_word' id='word_1_440' title='bbox 1509 2655 1529 2694; x_wconf 78' lang='grc' dir='ltr'><strong>ὃ</strong></span> <span class='ocrx_word' id='word_1_441' title='bbox 1551 2659 1724 2702; x_wconf 78' lang='grc' dir='ltr'><strong><em>ζητοῦμεν</em></strong></span> 
     </span>
     <span class='ocr_line' id='line_1_40' title="bbox 306 2703 1724 2759; baseline -0.001 -19"><span class='ocrx_word' id='word_1_442' title='bbox 306 2719 346 2750; x_wconf 86' lang='grc' dir='ltr'><strong><em>ρι·</em></strong></span> <span class='ocrx_word' id='word_1_443' title='bbox 368 2720 400 2740; x_wconf 84' lang='grc' dir='ltr'><strong><em>π.</em></strong></span> <span class='ocrx_word' id='word_1_444' title='bbox 433 2727 477 2732; x_wconf 90' lang='grc'>-</span> <span class='ocrx_word' id='word_1_445' title='bbox 507 2708 590 2751; x_wconf 76' lang='grc' dir='ltr'><strong><em>τοῦ]</em></strong></span> <span class='ocrx_word' id='word_1_446' title='bbox 621 2706 669 2750; x_wconf 84' lang='grc' dir='ltr'><strong><em>μὴ</em></strong></span> <span class='ocrx_word' id='word_1_447' title='bbox 697 2709 729 2741; x_wconf 86' lang='lat' dir='ltr'><strong><em>d.</em></strong></span> <span class='ocrx_word' id='word_1_448' title='bbox 763 2727 801 2734; x_wconf 88' lang='lat'><strong><em>-—</em></strong></span> <span class='ocrx_word' id='word_1_449' title='bbox 840 2710 876 2742; x_wconf 84' lang='lat' dir='ltr'><strong><em>ll</em></strong></span> <span class='ocrx_word' id='word_1_450' title='bbox 910 2703 931 2750; x_wconf 77' lang='grc' dir='ltr'><em>ἢ</em></span> <span class='ocrx_word' id='word_1_451' title='bbox 960 2705 1002 2742; x_wconf 84' lang='grc' dir='ltr'><strong><em>τὸ</em></strong></span> <span class='ocrx_word' id='word_1_452' title='bbox 1035 2705 1128 2739; x_wconf 76' lang='grc' dir='ltr'><strong><em>κατὰ</em></strong></span> <span class='ocrx_word' id='word_1_453' title='bbox 1152 2719 1184 2739; x_wconf 83' lang='grc' dir='ltr'><strong><em>π</em></strong></span> <span class='ocrx_word' id='word_1_454' title='bbox 1221 2725 1259 2730; x_wconf 91' lang='lat'>-</span> <span class='ocrx_word' id='word_1_455' title='bbox 1294 2704 1387 2740; x_wconf 81' lang='grc' dir='ltr'><strong><em>κατὰ</em></strong></span> <span class='ocrx_word' id='word_1_456' title='bbox 1418 2704 1458 2740; x_wconf 80' lang='grc' dir='ltr'><strong><em>τὸ</em></strong></span> <span class='ocrx_word' id='word_1_457' title='bbox 1492 2703 1643 2759; x_wconf 57' lang='lat' dir='ltr'><strong><em>‹rufifl-d</em></strong></span> <span class='ocrx_word' id='word_1_458' title='bbox 1680 2721 1724 2728; x_wconf 89' lang='lat'>—</span> 
     </span>
     <span class='ocr_line' id='line_1_41' title="bbox 308 2746 1724 2797; baseline -0.002 -12"><span class='ocrx_word' id='word_1_459' title='bbox 308 2754 347 2784; x_wconf 91' lang='grc'><strong><em>12</em></strong></span> <span class='ocrx_word' id='word_1_460' title='bbox 371 2751 451 2797; x_wconf 77' lang='grc' dir='ltr'><strong><em>μὲν]</em></strong></span> <span class='ocrx_word' id='word_1_461' title='bbox 476 2753 585 2796; x_wconf 84' lang='grc' dir='ltr'><strong><em>μέσον</em></strong></span> <span class='ocrx_word' id='word_1_462' title='bbox 609 2754 683 2786; x_wconf 76' lang='grc' dir='ltr'><strong><em>ἀΜ.</em></strong></span> <span class='ocrx_word' id='word_1_463' title='bbox 706 2773 751 2777; x_wconf 83' lang='grc'><strong>-</strong></span> <span class='ocrx_word' id='word_1_464' title='bbox 774 2753 863 2795; x_wconf 83' lang='grc' dir='ltr'><strong><em>γοῦν</em></strong></span> <span class='ocrx_word' id='word_1_465' title='bbox 891 2753 936 2785; x_wconf 92' lang='lat' dir='ltr'><strong><em>M.</em></strong></span> <span class='ocrx_word' id='word_1_466' title='bbox 964 2772 1003 2777; x_wconf 91' lang='lat'><strong><em>—-</em></strong></span> <span class='ocrx_word' id='word_1_467' title='bbox 1032 2753 1072 2785; x_wconf 81' lang='lat'><strong><em>13</em></strong></span> <span class='ocrx_word' id='word_1_468' title='bbox 1095 2747 1120 2794; x_wconf 84' lang='grc' dir='ltr'><strong><em>ἦ</em></strong></span> <span class='ocrx_word' id='word_1_469' title='bbox 1145 2748 1245 2795; x_wconf 77' lang='grc' dir='ltr'><strong><em>ἥλιον</em></strong></span> <span class='ocrx_word' id='word_1_470' title='bbox 1270 2763 1324 2784; x_wconf 89' lang='lat' dir='ltr'><strong><em>om</em></strong></span> <span class='ocrx_word' id='word_1_471' title='bbox 1348 2752 1422 2784; x_wconf 83' lang='lat' dir='ltr'><strong><em>dM.</em></strong></span> <span class='ocrx_word' id='word_1_472' title='bbox 1451 2772 1489 2777; x_wconf 91' lang='lat'><em>—</em></span> <span class='ocrx_word' id='word_1_473' title='bbox 1527 2746 1724 2792; x_wconf 69' lang='grc' dir='ltr'><strong><em>ἀνισότητα</em></strong></span> 
     </span>
     <span class='ocr_line' id='line_1_42' title="bbox 306 2795 1163 2841; baseline 0.002 -13"><span class='ocrx_word' id='word_1_474' title='bbox 306 2809 360 2829; x_wconf 82' lang='lat' dir='ltr'><strong><em>om</em></strong></span> <span class='ocrx_word' id='word_1_475' title='bbox 384 2810 417 2829; x_wconf 79' lang='grc' dir='ltr'><strong><em>π.</em></strong></span> <span class='ocrx_word' id='word_1_476' title='bbox 445 2818 484 2823; x_wconf 88' lang='lat'><strong><em>-—</em></strong></span> <span class='ocrx_word' id='word_1_477' title='bbox 515 2799 553 2831; x_wconf 81' lang='lat'><strong><em>14</em></strong></span> <span class='ocrx_word' id='word_1_478' title='bbox 579 2798 628 2840; x_wconf 80' lang='grc' dir='ltr'><strong><em>εἰ]</em></strong></span> <span class='ocrx_word' id='word_1_479' title='bbox 654 2795 678 2841; x_wconf 77' lang='grc' dir='ltr'><strong><em>ἢ</em></strong></span> <span class='ocrx_word' id='word_1_480' title='bbox 702 2798 765 2832; x_wconf 85' lang='lat' dir='ltr'><strong><em>Ad.</em></strong></span> <span class='ocrx_word' id='word_1_481' title='bbox 793 2816 829 2821; x_wconf 89' lang='lat'><strong><em>--</em></strong></span> <span class='ocrx_word' id='word_1_482' title='bbox 862 2799 898 2831; x_wconf 79' lang='lat'><strong><em>¹5</em></strong></span> <span class='ocrx_word' id='word_1_483' title='bbox 923 2796 1017 2831; x_wconf 74' lang='grc' dir='ltr'><strong><em>ἔστιν</em></strong></span> <span class='ocrx_word' id='word_1_484' title='bbox 1041 2809 1093 2828; x_wconf 77' lang='lat' dir='ltr'><strong><em>om</em></strong></span> <span class='ocrx_word' id='word_1_485' title='bbox 1124 2798 1163 2830; x_wconf 88' lang='lat' dir='ltr'><strong><em>D.</em></strong></span> 
     </span>
    </p>
   </div>
  </div>
 </body>
</html>
