1780 3132
634 203 916 236 ΤΣΤΕΡΩΝ
947 205 984 236 A.
1522 201 1548 239 7

85 311 230 360 σωμεν
256 301 300 345 τί
325 299 505 361 λέγομεν
529 298 582 347 τὸ
617 298 728 346 κατὰ
762 298 928 358 παντὸς
955 300 1030 347 καὶ
1055 300 1099 346 τί
1122 297 1176 346 vd
1201 296 1308 345 καθ’
1339 296 1452 345 αὐτὸ
1471 300 1548 345 καὶ

84 369 129 414 τί
147 365 198 414 τὸ
217 366 436 413 καθόλου.

185 431 314 481 Κατὰ
340 429 505 490 παντὸς
533 450 612 493 μεν
642 426 727 480 οὖν
754 437 888 480 τοῦτο
918 433 1030 495 λέγω
1059 429 1087 479 ὃ
1109 424 1216 479 ιῖὶνς
1184 451 1215 493 ῃ
1243 429 1306 495 μὴ
1327 431 1397 478 ἐπὶ
1426 429 1548 489 τινὸς

84 500 163 560 μὲν
195 498 317 558 τινὸς
349 502 396 548 δὲ
416 499 566 563 μή,μ
536 500 647 563 μηδὲ
678 502 782 547 ποτε
813 502 893 560 μὲν
925 501 1032 547 ποτε
1056 500 1103 547 δὲ
1124 498 1208 563 μή,
1244 496 1342 546 οἷον
1367 499 1406 545 εἰ
1434 497 1546 545 κατὰ

83 566 253 625 παντὸς
277 565 526 628 άνθριόπου
547 570 685 632 ζῷον,
730 569 769 614 εἰ
798 566 967 631 α’ληθες
986 565 1109 614 τόνδ’
1133 568 1266 614 εἰπεῖν
1288 564 1544 627 ἄνθρωπον,
1561 581 1596 608 30

84 632 252 697 ἄληθες
271 636 345 681 καὶ
365 638 495 700 ζῷον,
528 636 602 680 καὶ
621 636 659 681 εἰ
676 638 764 682 νῦν
781 634 988 697 θάτερον,
1022 635 1096 681 καὶ
1116 633 1325 696 θάτερον,
1344 635 1420 680 καὶ
1440 635 1478 680 εἰ
1498 633 1545 681 ἐν

82 701 204 762 πάσῃ
236 706 412 764 γραμιιῇ
431 701 611 765 στιγμή,
649 700 876 760 ωσαύτως.
944 707 1124 765 σηιιεῖον
1146 702 1217 748 δέ·
1262 699 1439 763 καὶγὰρ
1466 699 1546 758 τὰς

83 768 302 826 ἐνστάσεις
315 766 434 816 οὕτω
455 769 650 830 φέρομεν
669 768 729 827 ὥς
747 767 857 815 κατὰ
877 767 1047 826 παντὸς
1065 757 1346 853 ἐρωτώμενοι,
1380 787 1410 832 η
1387 766 1462 815 Ἃεί
1476 768 1548 815 ἐπί

81 853 166 883 τινι
193 835 270 901 μή,
325 833 353 900 ἢ
384 838 431 883 εἴ
447 852 554 883 ποτε
584 835 660 900 μή.
716 835 823 883 καθ’
853 834 970 883 αὑτά
1001 835 1042 883 6'
1072 834 1159 882 ὅσα
1194 834 1385 896 ὑπάρχει
1417 853 1461 882 τε
1499 835 1546 882 ἐν

81 908 146 987 τῷ
172 904 215 949 τί
246 904 382 959 ἐστιν,
436 901 532 950 οἷον
565 903 760 987 τριγώνῳ
788 902 965 967 γραμμή
994 905 1068 950 καὶ
1102 907 1279 964 γραμμῇ
1304 901 1462 966 στιγμή
1491 900 1542 966 (ἡ
1560 918 1595 946 35

81 989 166 1032 γαρ
188 968 323 1017 οὐσία
346 989 496 1018 αυτων
516 972 564 1018 ἐκ
584 989 757 1018 τουτων
782 972 883 1029 ἐστί,
912 972 986 1017 καὶ
1007 971 1052 1017 ἐν
1072 974 1134 1036 τῷ
1153 969 1272 1036 λόγω
1292 974 1354 1053 τῷ
1372 970 1546 1031 λέγοντι

81 1038 124 1084 τί
144 1037 259 1084 ἐστιν
279 1037 532 1099 ἐνυπάρχει)
556 1039 629 1084 καὶ
650 1036 774 1096 όσοις
790 1042 881 1085 τῶν
901 1018 1238 1098 ἐνυπαρχόντων
1257 1035 1410 1093 αυτοῖς
1429 1035 1545 1084 αὐτὰ

83 1105 128 1151 ἐν
149 1108 215 1170 τῷ
231 1104 348 1170 λόγῳ
367 1105 666 1165 ἐνυπάρχουσι
693 1110 755 1171 τῷ
774 1106 817 1151 τί
838 1106 927 1152 ἐστι
950 1108 1186 1168 δηλοῦντι,
1222 1102 1320 1150 οἷον
1348 1101 1399 1150 τὸ
1421 1102 1543 1150 εὐθύ

80 1152 269 1232 ὑπάρχει
305 1176 482 1233 γραμμῇ
512 1174 586 1218 καὶ
624 1170 676 1218 τὸ
717 1172 972 1233 περιφερές,
1023 1172 1099 1217 καὶ
1135 1169 1188 1217 τὸ
1225 1168 1431 1256 περιττὸν
1468 1172 1544 1217 καὶ

82 1236 236 1298 ἄρτιον
249 1236 460 1324 ἀριθμῷ,
494 1240 567 1285 καὶ
597 1237 648 1284 τό
674 1243 852 1299 πρῶτον
879 1240 954 1285 καὶ
975 1237 1197 1285 συνθετον
1225 1239 1300 1284 καὶ
1333 1236 1541 1284 ἰσόπλευ-
1559 1252 1596 1279 40

81 1323 162 1366 ρον
187 1307 262 1352 καὶ
287 1306 563 1369 ἑτερόμηκες·
608 1307 683 1351 καὶ
714 1310 822 1352 πᾶσι
851 1305 1031 1363 τούτοις
1060 1305 1391 1366 ἐνυπάρχουσιν
1412 1305 1459 1351 ἐν
1478 1309 1544 1370 τ9ἶ
1559 1314 1584 1347 b

80 1373 203 1437 λόγω
239 1377 303 1455 τῷ
339 1374 382 1419 τί
429 1374 517 1420 ἐστι
553 1373 718 1434 λέγοντι
756 1374 865 1420 ενθα
898 1391 977 1434 μεν
1008 1370 1186 1435 γραμμὴ
1221 1374 1331 1419 ε’νθα
1362 1371 1402 1419 δ’
1444 1370 1543 1432 ἄρι-

79 1441 210 1499 θμός.
246 1438 407 1500 ὁμοίως
426 1441 473 1486 δε
497 1442 570 1487 καὶ
590 1441 657 1486 ἐπὶ
679 1445 767 1487 τῶν
785 1439 930 1487 ἄλλων
947 1438 1001 1487 τὰ
1020 1439 1198 1487 τοιαῦθ’
1217 1439 1417 1497 ἑκάστοις
1436 1437 1543 1486 καθ’

82 1505 197 1554 αυτά
239 1508 375 1569 λέγω,
429 1505 515 1554 ὅσα
566 1509 614 1554 δε
658 1508 902 1571 μηδετέρως
945 1506 1161 1568 ὑπάρχει,
1216 1506 1542 1570 συμβεβηκότα,

82 1571 178 1622 οἷον
198 1573 250 1620 τό
270 1573 489 1634 μουσικὸν
517 1572 547 1638 ἢ
577 1574 743 1622 λευκὸν
763 1579 828 1648 τῷ
850 1574 958 1640 ζ95ω,
1014 1575 1072 1621 ετι
1095 1573 1121 1621 6
1148 1573 1209 1637 μὴ
1229 1573 1334 1620 καθ’
1354 1573 1578 1621 ὑποκει-5

81 1642 219 1702 μένου
236 1642 400 1703 λέγεται
422 1640 566 1687 ἄλλον
584 1641 720 1699 τινός,
755 1640 851 1689 οἷον
875 1641 927 1688 τὸ
948 1642 1166 1702 βαδίζον
1150 1640 1296 1700 ε’τερόν
1321 1660 1362 1688 τι
1390 1659 1443 1687 ov
1460 1645 1543 1701 βα-

82 1710 206 1766 δίζον
226 1709 314 1755 ἐστὶ
337 1710 411 1754 καὶ
431 1708 608 1765 λευκόν,
643 1707 672 1770 ἡ
699 1707 738 1755 δ’
759 1707 910 1766 οὐσία,
943 1710 1018 1755 καὶ
1038 1706 1123 1755 οσα
1142 1707 1244 1755 τόδε
1264 1725 1306 1754 τι
1326 1709 1543 1771 σημαίνει,

82 1773 167 1836 οιῖχ
188 1775 333 1835 ἕτερόν
350 1794 390 1821 τι
411 1773 518 1822 ὄντα
539 1776 653 1822 ἐστὶν
672 1773 779 1837 ὅπερ
797 1777 926 1822 ἐστίν.
963 1773 1018 1822 τά
1040 1777 1119 1835 μὲν
1139 1774 1196 1837 δὴ
1215 1772 1276 1837 μὴ
1298 1773 1404 1822 καθ’
1423 1773 1543 1822 ὑπο-

80 1843 284 1903 κειμένου
313 1841 419 1889 καθ’
453 1841 567 1889 αὐτοὶ
603 1842 712 1904 λέγω
729 1878 741 1900 ,
785 1840 838 1888 τὰ
873 1843 920 1888 δὲ
948 1841 1053 1888 καθ’
1089 1840 1386 1902 ὑποκειμένου
1425 1854 1542 1903 συμ-

81 1908 310 1973 βεβηκότα.
376 1910 434 1956 ἕτι
461 1908 500 1956 δ’
529 1908 665 1956 ἄλλον
703 1909 871 1971 τρόπον
901 1908 954 1956 τὸ
988 1910 1067 1969 μὲν
1098 1908 1154 1956 δι’
1194 1907 1306 1956 αὐτὸ
1336 1908 1543 1971 ὑπάρχον
1560 1925 1594 1952 10

82 1978 250 2042 ἑκάστῳ
282 1975 386 2024 καθ’
408 1975 547 2032 αὑτό,
581 1974 634 2023 τὸ
661 1978 707 2024 δὲ
731 1975 790 2040 μὴ
810 1976 865 2023 δι’
889 1975 1000 2023 αὐτὸ
1039 1975 1340 2039 συμβεβηκός,
1387 1975 1484 2024 οἷον
1505 1978 1543 2024 εἰ

80 2045 335 2106 βαδίζοντος
373 2042 598 2106 ἤστραψε,
630 2043 929 2107 συμβεβηκός·
974 2042 1034 2091 013
1054 2043 1137 2107 γὰρ
1170 2043 1242 2091 διὰ
1270 2042 1322 2090 τὸ
1350 2046 1543 2104 βαδίζειν

80 2110 329 2176 ἤστραψεν,
378 2110 490 2158 ἀλλὰ
522 2111 710 2175 συνέβη,
754 2112 925 2174 φαμέν,
958 2116 1107 2158 τοῦτο.
1169 2113 1207 2159 εἰ
1246 2112 1293 2157 δὲ
1328 2111 1386 2158 δι’
1417 2111 1542 2169 αὑτό,

81 2178 186 2226 καθ’
205 2177 342 2235 αὑτό,
388 2176 484 2226 οἷον
505 2181 550 2226 εἴ
568 2198 608 2226 τι
637 2179 941 2240 σφαττόμενον
966 2178 1184 2236 ἀπέθανε,
1229 2179 1304 2224 καὶ
1327 2177 1439 2225 κατὰ
1463 2177 1545 2241 τὴν

82 2246 286 2308 σφαγήν,
331 2243 400 2292 ὅτι
431 2245 505 2292 διὰ
533 2245 586 2293 τὸ
609 2246 886 2307 σφάττεσθαι
901 2281 913 2303 ,
957 2245 1051 2293 ἄλλ’
1075 2245 1135 2293 023
1158 2246 1325 2307 συνέβη
1345 2246 1544 2307 σφαττό-
1560 2260 1594 2288 15

81 2332 212 2375 μενον
229 2311 485 2359 α’ποθανεῒν.
542 2311 595 2360 τὰ
620 2312 707 2373 ἄρα
735 2313 944 2375 λεγόμενα
976 2315 1044 2361 ἐπὶ
1068 2318 1159 2361 τῶν
1190 2312 1342 2369 ἁπλῶς
1365 2315 1544 2377 ἐπιστη-

81 2385 168 2428 τῶν
198 2378 304 2427 καθ’
338 2378 451 2427 αὑτά
487 2379 632 2439 οὕτως
663 2380 723 2439 ὠς
755 2380 1014 2442 ἐνυπάρχειν
1031 2388 1124 2440 τοῖς
1141 2381 1545 2444 κατηγορουμένοις

170 2530 216 2563 26
240 2527 398 2582 λέγωμεν
425 2529 472 2561 Μ.
502 2548 534 2552 ἢ
567 2531 612 2564 <28
637 2526 670 2573 ο]
696 2531 809 2565 τοῦτο
835 2526 856 2564 ὃ
873 2533 908 2574 f.
935 2550 980 2556 -—
1003 2531 1047 2564 99
1073 2543 1114 2574 pr
1137 2541 1204 2572 μεν
1223 2528 1326 2561 omd.
1339 2547 1384 2555 —
1409 2530 1446 2562 31
1464 2526 1541 2563 θοὶ-

82 2587 187 2622 τερον
211 2572 302 2620 πρὸς
325 2571 490 2618 θάτεοον
513 2576 599 2618 prd
626 2595 669 2601 —
695 2578 738 2610 33
762 2577 1001 2633 ποοφέρομεν
1022 2577 1061 2609 F.
1087 2594 1133 2600 —
1156 2572 1393 2629 ερωτωμένου
1413 2575 1540 2615 AMcd,

82 2633 124 2663 pr
143 2622 208 2654 Bu.
234 2639 275 2645 —
304 2619 340 2653 εἰ
363 2631 418 2652 om
442 2632 466 2664 p
491 2628 528 2652 et
551 2633 593 2662 pr
617 2621 650 2654 d.
677 2640 715 2645 —-
743 2622 787 2655 35
812 2621 892 2656 οἷον
918 2620 956 2655 ἔν
979 2634 1032 2678 τρ.
1060 2633 1092 2654 n
1121 2639 1164 2646 —-
1189 2621 1233 2653 37
1258 2617 1479 2676 ἐνυπάρχειν
1498 2633 1540 2664 pr

83 2677 118 2701 n.
135 2683 182 2691 —
204 2666 249 2699 38
271 2663 310 2699 ἐν
334 2676 389 2698 om
409 2666 444 2708 f.
468 2683 514 2691 —
534 2664 742 2722 ’ὑπάρχουσι
770 2668 805 2700 C.
831 2687 878 2692 —
902 2668 945 2701 39
973 2666 1103 2713 ἄρτιον
1126 2664 1189 2698 καὶ
1213 2665 1386 2710 περιττὸν
1402 2667 1437 2709 f.

172 2709 264 2744 'tabl
298 2709 336 2744 ἐν
368 2722 423 2743 om
450 2713 485 2753 f.
519 2731 560 2736 —
597 2713 619 2746 4
642 2709 792 2767 ὑπάρχῃ
816 2713 851 2753 d,
884 2726 924 2756 pr
948 2714 990 2746 A.
1022 2731 1068 2737 —-
1102 2712 1122 2744 6
1147 2707 1189 2744 τὸ
1194 2711 1378 2765 βαδίζειν
1403 2713 1469 2755 Bp.
1493 2728 1540 2736 —

83 2756 104 2790 7
128 2754 191 2790 καὶ
214 2753 257 2790 τὸ
281 2753 411 2790 λευκόν
433 2767 466 2790 η.
492 2775 533 2781 -
569 2757 592 2789 8
613 2755 662 2801 μὴ
690 2771 728 2791 rc
751 2771 856 2801 supra
880 2771 916 2791 vs
939 2770 974 2791 π.
999 2777 1041 2782 -
1090 2757 1130 2790 13
1155 2752 1248 2791 αὐτό
1273 2758 1326 2801 Β,
1351 2769 1393 2801 pr
1418 2758 1450 2790 A
1480 2756 1539 2801 qui

85 2801 137 2835 sic
161 2802 195 2834 iu
223 2812 286 2845 sqq
311 2802 458 2844 saepius.
482 2821 525 2827 —
553 2802 594 2836 14
618 2802 680 2838 καὶ
707 2815 761 2836 om
786 2815 819 2836 π.
