1786 3068
282 218 334 256 76
806 220 1186 255 ΑΝΑΛΤΤΙΚΩΝ

204 323 267 367 18
389 315 585 376 Πότερον
609 315 647 362 6'
668 316 804 362 αἴτιον
827 320 915 362 τῶν
936 317 1077 376 μέσων
1095 317 1145 365 τὸ
1164 317 1275 402 πρὸς
1296 316 1345 364 τὸ
1364 316 1567 364 καθόλου
1584 323 1704 378 πρῶ-

235 398 269 426 10
285 400 360 428 τον
381 380 412 445 ἢ
429 380 478 428 τὸ
488 381 602 442 πρὸς
621 380 670 427 τὸ
681 381 782 428 καθ’
792 383 969 429 ἕκαστον
977 402 1065 440 τοις
1074 383 1176 431 καθ
1192 386 1398 437 ἕκαστονς
1429 381 1562 446 δῆλον
1574 382 1666 446 δὴ“
1641 403 1704 430 οτι

282 447 335 494 τοὶ
367 449 569 509 ἐγγύτατα
604 447 767 493 ἑκάστω
794 441 832 512 ᾦ
854 451 1001 496 αἴτιον.
1045 455 1128 498 τοῦ
1161 450 1243 513 γὰρ
1272 449 1321 497 τὸ
1348 454 1523 508 πρῶτον
1543 449 1635 496 ὑπὸ
1653 449 1703 496 τὸ

283 514 491 560 καθόλου
512 512 731 572 ὑπάρχειν,
765 519 895 561 τοῦτο
921 517 1068 572 αἴτιον,
1103 515 1196 564 οἷον
1217 521 1281 582 τοῖ
1300 522 1341 562 Δ
1363 515 1413 562 τὸ
1438 519 1577 563 Γτοῦ
1596 514 1646 562 τὸ
1667 520 1704 562 Β

281 579 488 640 ὑπάρχειν
510 581 658 624 αι’τιον.
698 584 758 662 τῷ
780 581 857 640 μὲν
878 574 962 628 οὖν
980 588 1022 628 Λ
1046 582 1095 630 τὸ
1117 588 1162 629 Γ
1176 585 1312 630 αἴτιον
1328 587 1412 629 τοῦ
1430 587 1480 640 A,
1513 587 1573 629 τῶ
1598 584 1644 629 δὲ
1667 586 1713 628 Γ

281 645 332 692 τὸ
354 650 413 700 Β
447 645 587 691 τούτω
607 646 652 691 δὲ
674 644 794 692 αύτό.

204 713 266 757 19
382 713 493 769 Περὶ
523 712 600 771 μὲν
628 704 711 758 οὖν
739 716 1042 774 συλλογισμοῦ
1070 716 1142 760 καὶ
1164 713 1442 771 ἀποδείξεως,
1476 715 1518 760 τί
1537 732 1579 760 τε
1604 713 1703 760 ἑκά-

232 795 266 822 16
280 776 406 835 τερόν
426 756 512 823 ἐστι
541 778 613 823 καὶ
634 782 726 835 πῶς
749 781 926 840 γίνεται,
960 780 1176 841 φανερόν,
1212 779 1298 841 ἅμα
1329 782 1374 827 δὲ
1405 781 1475 826 καὶ
1497 782 1591 839 περὶ
1611 780 1702 826 ἐπι-

279 843 444 906 στήμης
465 842 783 928 ἀποδεικτικῆς·
806 844 966 893 ταύτὸν
983 846 1066 907 γάρ
1091 848 1214 893 ἐστιν.
1257 849 1353 907 περὶ
1377 848 1422 893 δὲ
1440 851 1525 893 τῶν
1542 846 1700 906 ἀρχῶν,

279 914 375 967 πῶς
396 928 438 956 τε
462 911 650 971 γίνονται
676 912 881 972 γνώριμοι
907 914 981 958 καὶ
998 914 1062 969 τίς
1082 911 1110 975 ἡ
1131 915 1400 974 γνωρίζουσα
1420 912 1524 971 ἕξις,
1559 914 1702 960 ἐντεῦ-

279 977 362 1023 θέν
383 977 469 1022 ἐστι
491 979 626 1038 δῆλον
646 977 985 1058 προαπορήσασι
1004 983 1186 1038 πρῶτον.

228 1062 263 1089 ω
371 1040 470 1089 Ότι
504 1045 580 1102 μὲν
614 1062 697 1090 ουν
730 1043 817 1091 οὐκ
850 1045 1058 1105 ἐνδέχεται
1080 1045 1337 1091 ἐπίστασθαι
1364 1042 1420 1090 δι”
1448 1042 1704 1100 ἀποδείξεως

278 1106 339 1170 μὴ
380 1109 632 1171 γινώσκοντι
673 1109 749 1167 τὰς
782 1110 957 1170 πρώτας
1000 1110 1134 1171 ἄρχας
1175 1109 1252 1167 τὰς
1285 1109 1495 1170 ἄμέσους,
1540 1111 1704 1172 εἴρηται

277 1173 499 1259 πρότερον.
549 1180 638 1222 τοῖν
657 1175 694 1222 6'
715 1175 885 1260 α’μὲσων
917 1175 996 1239 τὴν
1015 1182 1196 1238 γνῶσιν,
1230 1178 1303 1223 καὶ
1331 1175 1512 1234 πότερον
1542 1174 1703 1239 ἡαύτή

278 1240 440 1288 ἐστιν
410 1261 438 1304 η
468 1261 552 1302 ουχ
574 1241 602 1304 ἡ
629 1241 763 1305 αὐτή,
808 1242 1159 1305 διαπορήσειεν”
1130 1262 1185 1290 αν
1205 1261 1282 1300 τις,
1315 1244 1387 1288 καὶ
1405 1242 1586 1300 πότερον
1611 1243 1703 1288 ἐπι-

278 1307 419 1371 στήμη
440 1308 643 1366 ἑκατέρου
665 1306 695 1371 ἢ
711 1307 782 1366 οὔ,
817 1307 847 1372 ἢ
859 1314 938 1356 τοῦ
955 1311 1032 1369 μὲν
1044 1309 1255 1373 ἐπιστήμη
1275 1326 1359 1355 του
1343 1307 1438 1354 ”’”δ
1421 1308 1565 1391 ἔτερόν
1582 1326 1622 1355 τι
1631 1308 1702 1370 γέ-

228 1391 264 1420 25
280 1391 380 1431 νος,
414 1376 487 1421 καὶ
509 1375 692 1433 πότερον
710 1374 796 1422 οὐκ
816 1377 991 1422 ἐνουσαι
1017 1377 1061 1422 αῖ
1084 1375 1187 1433 ἕξεις
1211 1372 1489 1438 ἐγγίνονται’ι
1469 1373 1498 1437 η’
1522 1375 1703 1421 ἐνοῦσαι

279 1440 530 1503 λελήθασιν.
592 1443 629 1487 εἰ
671 1444 747 1501 μὲν
780 1441 835 1504 δὴ
870 1443 1016 1502 ἔχομεν
1049 1441 1208 1499 αὐτάς,
1253 1441 1435 1488 ἄτοπον·
1478 1442 1702 1501 συμβαίνει

275 1505 359 1567 γὰρ
394 1505 692 1567 ἀκριβεστέρας
737 1509 907 1568 ἔχοντας
947 1508 1123 1569 γνώσεις
1168 1506 1424 1564 α’ποδείξεως
1455 1506 1699 1553 λανθάνειν.

276 1574 313 1619 εἰ
343 1574 388 1618 ὁε
421 1573 692 1633 λαμβάνομεν
726 1572 784 1638 μὴ
820 1575 984 1634 ἔχοντες
1012 1575 1244 1634 προτερον,
1288 1578 1380 1630 πῶς
1409 1591 1461 1619 αν
1479 1574 1700 1634 γνωρίζοι-

275 1657 352 1699 μεν
370 1641 443 1685 καὶ
461 1639 755 1700 μανθάνωμεν
785 1641 830 1686 ἐκ
850 1639 909 1703 μὴ
931 1640 1303 1702 προϋπαρχούσης
1323 1639 1545 1701 γνώσεως;
1588 1637 1701 1686 6615-

226 1723 406 1756 εονατον
438 1706 543 1766 γάρ,
578 1704 720 1764 ὥσπερ
755 1707 827 1752 καὶ
862 1707 929 1753 ἐπὶ
961 1711 1036 1770 τῆς
1071 1706 1326 1763 αποδείξεως
1360 1706 1566 1766 ἐλέγομεν.
1612 1724 1701 1766 φα-

275 1770 405 1832 νερὸν
417 1770 606 1819 τοίνυν”
580 1791 644 1819 οτι
661 1771 742 1819 ου”τ
742 1771 875 1833 ’ἔχειν
888 1770 986 1819 οἷόν
997 1792 1053 1830 τε,
1069 1772 1162 1819 οὔτ’
1184 1772 1395 1834 ἀγνοοῦσι
1410 1774 1482 1817 καὶ
1494 1772 1702 1833 μηδεμίαν

275 1839 449 1899 ἔχουσιν
481 1837 565 1894 ἕξιν
599 1839 853 1900 ἐγγίνεσθαι.
904 1837 1069 1901 ἅνάγκη
1103 1838 1186 1898 ἄρα
1219 1839 1326 1899 ἔχειν
1348 1838 1424 1898 μέν
1445 1856 1540 1884 τινα
1564 1837 1701 1884 δύνα-

276 1923 372 1965 μιν,
423 1903 482 1968 μὴ
513 1905 721 1968 τοιαύτην
751 1904 788 1951 6’
820 1906 926 1966 ἔχειν
955 1903 984 1967 ἢ
1013 1906 1127 1952 ἔσται
1164 1905 1332 1951 τούτων
1359 1904 1581 1965 τιμιωτέρα
1610 1902 1702 1950 κατ’

278 1970 506 2031 ἀκρίβειαν.
568 1973 764 2031 φαίνεται
790 1973 836 2018 δὲ
866 1971 997 2018 τοῦτό
1019 1990 1064 2033 γε
1084 1976 1217 2018 πᾶσιν
1234 1969 1433 2031 ὑπάρχον
1452 1976 1541 2027 τοῖς
1561 1970 1698 2035 ζῴοις.

227 2055 261 2083 85
278 2038 358 2099 ἔχει
375 2036 456 2098 γὰρ
477 2037 662 2098 δύναμιν
680 2037 913 2099 σύμφυτον
931 2038 1137 2101 κριτικήν,
1160 2036 1218 2101 ἢν
1235 2041 1448 2083 καλοῦσιν
1470 2039 1678 2098 αἴσθησιν
1689 2052 1699 2062 ·

278 2104 467 2167 ἐνούσης
486 2103 524 2150 6'
545 2104 791 2168 αἰσθήσεως
815 2109 904 2167 τοῖς
929 2105 1005 2165 μὲν
1022 2109 1110 2152 τῶν
1132 2104 1251 2170 ζῴων
1271 2105 1470 2167 ἐγγίνεται
1488 2101 1602 2165 μονὴ
1619 2105 1701 2149 τοῦ

365 2254 386 2286 9
412 2264 452 2306 pr
474 2249 516 2286 τὸ
541 2264 578 2284 rc
601 2263 634 2284 π.
659 2269 703 2277 -
730 2253 770 2285 10
795 2254 872 2290 τοῖς
893 2248 981 2285 καθ’
1004 2249 1156 2285 εκαστον
1181 2262 1236 2282 om
1259 2250 1427 2283 ADRicc.
1453 2268 1491 2273 -
1519 2246 1564 2292 δὴ
1588 2261 1641 2281 om
1665 2260 1698 2281 n.

279 2298 383 2330 -11
412 2295 452 2330 τὸ
477 2309 510 2335 π
535 2309 589 2329 om
614 2309 655 2339 pr
681 2297 717 2329 A.
746 2316 783 2320 —
820 2295 1004 2349 ἐγγύτερα
1018 2298 1066 2329 M.
1095 2315 1134 2321 —
1172 2290 1200 2342 ᾦ
1227 2306 1280 2328 om
1305 2306 1339 2327 n.
1362 2312 1408 2320 —
1439 2292 1480 2327 τὸ
1507 2306 1530 2327 α
1552 2294 1701 2346 πρῶτον

280 2344 329 2375 Μ.
358 2362 394 2366 -
420 2339 493 2376 υπὸ
518 2341 585 2375 τοῦ
607 2342 641 2378 d,
666 2353 707 2384 pr
733 2341 1004 2387 All—1229?
1023 2353 1099 2373 corr
1120 2342 1159 2374 Β
1186 2359 1227 2365 ——
1252 2340 1289 2385 β]
1318 2351 1341 2373 α
1365 2351 1443 2371 corr
1469 2340 1507 2371 A.
1530 2358 1569 2364 --
1598 2338 1700 2383 13τῷ

265 2388 330 2425 ,δῖε
356 2399 434 2419 corr
461 2388 501 2419 Β.
529 2406 567 2410 -
602 2384 643 2420 τὸ
669 2386 702 2428 γ]
730 2387 797 2440 τοΙῦ
820 2399 860 2430 pr
881 2387 926 2419 Β.
951 2403 996 2438 -Γῑ
1032 2387 1071 2419 14
1094 2386 1133 2430 β]
1157 2398 1178 2428 γ
1202 2397 1242 2428 pr
1268 2385 1314 2425 Β,
1338 2384 1397 2415 sed
1422 2394 1499 2415 corr
1521 2395 1563 2426 pr
1584 2393 1698 2415 manu.

277 2450 322 2457 —-
346 2429 386 2466 δὲ
409 2428 510 2476 αὐτῷ
535 2431 591 2464 du.
617 2450 659 2456 —
686 2432 727 2464 15
752 2426 774 2464 o'
797 2444 832 2465 τι
855 2443 892 2464 τε
916 2443 950 2468 η,
975 2443 1031 2464 οτι
1054 2442 1092 2464 τε
1116 2431 1158 2464 D.
1183 2447 1226 2454 —
1252 2429 1292 2461 16
1317 2426 1495 2482 φανερόν
1503 2426 1599 2462 ἐστιν
1623 2423 1700 2470 ἅμα

280 2478 321 2510 D.
346 2495 390 2500 —-
424 2477 464 2510 19
487 2465 586 2511 ἔσται
609 2487 643 2508 n.
674 2493 720 2500 —
748 2477 790 2509 21
816 2475 1049 2520 γιγνώσκοντι
1072 2487 1106 2508 n.
1132 2493 1174 2499 —
1205 2474 1249 2506 22
1273 2473 1345 2506 τῶν
1368 2473 1431 2506 διὰ
1454 2471 1570 2515 μέσων
1595 2484 1635 2515 pr
1657 2474 1698 2505 A.

279 2541 317 2547 --
346 2523 390 2554 23
414 2534 460 2555 αν
485 2533 539 2554 om
565 2522 603 2554 A.
629 2538 672 2545 —
695 2521 738 2554 25
761 2521 923 2563 γίνονται
949 2521 991 2560 D,
1016 2519 1216 2562 ἐνγίνονται
1238 2529 1270 2550 u.
1295 2536 1338 2542 —
1362 2515 1509 2551 ἐνουσία
1532 2529 1574 2561 pr
1598 2517 1636 2550 A.
1656 2535 1699 2542 --

277 2567 321 2599 27
346 2564 492 2608 ἔχοντας
516 2564 582 2605 τὰς
604 2578 656 2607 γν.
683 2565 716 2599 cl.
735 2584 777 2591 —
802 2567 844 2599 30
868 2564 1084 2620 λέγομενΑ.
1082 2582 1126 2590 -—
1150 2565 1190 2598 31
1210 2562 1348 2605 τοίνυν]
1367 2556 1478 2604 οὖνῙ.
1494 2582 1538 2588 -
1563 2562 1611 2593 alt
1623 2557 1700 2595 οὔτ’

301 2608 558 2654 ..’ἐγγινεσθαι]
584 2608 629 2644 ον’
651 2608 720 2653 γὰρ
746 2606 792 2644 ὃὶν
815 2606 1016 2654 ἠγνοοῦμεν
1040 2606 1124 2643 οντε
1149 2607 1355 2651 ἐγγίνεσθαι
1370 2605 1418 2650 μὴ
1438 2605 1477 2641 δὲ
1492 2607 1579 2651 μίαν
1598 2604 1700 2649 ἔχον-

277 2666 335 2690 σιν
359 2653 432 2696 ἕξιν
457 2658 500 2689 D.
528 2675 566 2680 —
604 2651 820 2709 ἀγνοοῦμεν
828 2655 930 2690 οὖσιν
953 2667 993 2698 pr
1016 2666 1048 2687 π.
1071 2672 1117 2679 —
1140 2655 1183 2686 32
1208 2651 1431 2696 ἐγγίγνεσθαι
1454 2664 1487 2684 π.
1513 2671 1553 2677 --
1577 2650 1643 2694 μέν
1664 2664 1700 2685 τι

280 2712 322 2743 pr
344 2712 378 2732 π.
402 2719 445 2725 -
468 2701 512 2734 34
535 2713 574 2743 γε
598 2712 651 2733 om
675 2713 709 2734 π.
730 2719 775 2727 -
799 2697 973 2746 υπάρχειν
1000 2701 1040 2732 D.
1066 2719 1108 2724 —
1133 2698 1175 2732 35
1200 2696 1268 2741 ἔχει
1293 2710 1328 2730 rc
1351 2709 1384 2730 n.
1398 2715 1443 2723 —-
1467 2698 1520 2738 36,
1538 2697 1580 2730 37
1598 2697 1648 2728 bis
1665 2702 1699 2728 et

279 2746 323 2778 38
347 2742 542 2789 ἐγγίγνεται
565 2758 597 2779 π.
