1786 3068
305 226 358 264 58
822 225 1218 259 ΑΝΑΛΤΤΙΚΩΝ

306 324 610 384 διαλεγοίμεθα
630 321 784 377 πάντες
810 321 884 366 καὶ
903 319 932 383 ἡ
956 319 1080 378 Ἰλιάς
1101 319 1283 382 ὁρισμὸς
1310 318 1364 367 ἂν
1393 322 1471 384 εἴη.
1517 322 1574 368 ἔτι
1594 321 1723 369 οὐδε-

305 391 381 450 μία
415 387 672 443 ἀποδείξειεν
705 384 758 432 ἱῖὶν
784 383 849 432 ὅτι
866 391 996 434 τοῦτο
1023 387 1219 448 τοῦνομα
1237 388 1357 434 τουτὶ
1381 390 1525 450 δηλοῖ·
1561 386 1660 434 οὐδ’
1681 390 1723 435 οἱ
1773 425 1776 426 ⁷

305 455 481 516 ὃρισμοὶ
499 455 648 499 τοίνυν
663 457 795 498 τοῦτο
815 457 1152 516 προσδηλοῦσιν.

256 536 290 563 35
403 521 478 566 Ἐκ
504 521 580 579 μὲν
610 519 759 565 τοίνυν
784 518 952 565 τούτων
981 518 1082 566 οὔτε
1120 518 1303 579 ὁρισμὸς
1331 519 1403 564 καὶ
1437 518 1726 580 συλλογισμὸς

305 589 502 648 φαίνεται
522 583 682 631 ταύτὸν
699 583 772 643 ὅν,
807 584 909 631 οὔτε
930 585 1097 632 ταύτοῦ
1121 584 1415 646 συλλογισμὸς
1434 586 1505 631 καὶ
1525 584 1703 645 ὁρισμός
1715 604 1724 614 ·

304 652 414 710 πρὸς
426 653 471 697 δὲ
492 651 678 708 τούτοις,
712 649 777 697 ὅτι
798 650 900 698 οὔτε
922 650 948 698 ὁ
965 650 1143 712 ὁρισμὸς
1155 651 1289 698 οὐδὲν
1309 650 1408 697 οὔτε
1423 650 1727 699 ἀποδείκνυσιν

305 718 405 766 οὔτε
418 718 648 774 δείκνυσιν,
669 716 769 765 ου”τε
779 716 829 764 τὸ
842 719 883 764 τί
894 719 1006 765 ἐστιν
1018 717 1122 765 οὔθ’
1134 717 1302 783 ὁρισμῷ
1313 716 1407 764 οὔτ’
1420 716 1630 773 άποδείξει
1643 719 1735 764 ἔστι

303 802 476 846 γνωναι.

197 862 287 906 p.!)3
406 849 552 896 Πάλιν
581 849 627 894 δὲ
653 849 857 895 σκεπτέον
884 851 927 895 τί
953 850 1119 897 τούτων
1146 850 1308 910 λέγεται
1334 853 1477 906 καλῶς
1497 851 1570 895 καὶ
1599 851 1641 895 τί
1669 847 1728 895 οὐ

256 916 287 959 8
305 920 465 973 καλῶς,
481 916 554 962 καὶ
572 916 613 960 τί
625 915 736 961 ἐστιν
754 914 779 961 ὁ
802 914 996 975 ὁρισμός,
1023 918 1096 962 καὶ
1115 921 1199 963 τοῦ
1219 917 1260 962 τί
1279 917 1393 962 ἐστιν
1411 909 1495 975 ἆρά
1513 930 1604 972 πως
1618 916 1729 962 ἔστιν

304 981 524 1039 ἀπόδειξις
543 983 616 1027 καὶ
634 978 816 1041 ὁρισμὸς
834 979 868 1044 ἢ
887 981 1104 1042 οὐδαμῶς.
1141 983 1231 1029 ἐπεὶ
1255 980 1293 1027 δ’
1315 982 1441 1037 ἐστίν,
1476 980 1534 1038 ὥς
1554 983 1726 1042 ἔφαμεν,

302 1048 466 1096 ταύτὸν
488 1046 540 1094 τὸ
564 1048 719 1094 εἰδέναι
737 1049 779 1093 τί
798 1048 885 1094 ἐστι
903 1049 976 1094 καὶ
993 1047 1042 1094 τὸ
1065 1049 1220 1095 εἰδέναι
1239 1046 1289 1093 τὸ
1314 1049 1448 1094 αἴτιον
1467 1051 1550 1094 τοῦ
1569 1049 1605 1093 εἰ
1621 1049 1727 1093 ἔστι·

271 1138 288 1165 ⁵
304 1116 437 1178 λόγος
446 1117 491 1162 δὲ
502 1114 680 1167 τούτου..
715 1112 779 1160 ὅτι
802 1115 887 1160 ἔστι
908 1133 947 1160 τι
964 1113 1015 1160 τὸ
1035 1117 1171 1161 αἴτιον
1183 1132 1192 1141 ·
1226 1115 1299 1159 καὶ
1317 1119 1450 1160 τοῦτο
1469 1111 1556 1176 ἢτὸ
1569 1112 1680 1160 αὐτὸ
1699 1110 1729 1176 ἢ
1781 1110 1786 1150 ⁴

304 1181 426 1238 ἄλλο,
459 1179 540 1228 κᾶν
563 1182 599 1227 εἰ
621 1179 751 1238 ἄλλο,
784 1178 814 1242 ἢ
836 1179 1090 1226 άποδεικτὸν
1108 1178 1139 1242 ἢ
1158 1179 1467 1226 ἀναπόδεικτον
1482 1198 1491 1207 ·
1527 1181 1564 1226 εἰ
1581 1181 1730 1226 τοίνυν

303 1250 416 1296 ἐστὶν
453 1247 562 1294 ἄλλο
597 1249 670 1293 καὶ
701 1247 908 1307 ἐνδέχεται
946 1246 1188 1302 ἀποδεῖξαι,
1246 1245 1412 1308 άνάγκη
1451 1246 1583 1306 μέσον
1623 1243 1731 1292 εἶναι

304 1315 356 1361 τὸ
392 1317 527 1361 αἴτιον
561 1315 634 1359 καὶ
668 1314 712 1359 ἐν
744 1317 804 1377 τῷ
838 1312 1022 1375 σχήματι
1053 1317 1116 1378 τῷ
1148 1311 1302 1377 πρώτῳ
1336 1314 1592 1359 δείκνυσθαι
1606 1329 1615 1339 ·
1649 1331 1729 1357 κα-
1784 1367 1786 1371 ¹

305 1381 455 1429 θόλου
476 1399 519 1427 τε
541 1379 622 1441 γὰρ
652 1380 725 1425 καὶ
754 1378 1041 1441 κατηγορικὸν
1067 1378 1116 1425 τὸ
1148 1379 1438 1438 δεικνύμενον.
1496 1375 1555 1435 εἷς
1574 1380 1650 1438 μὲν
1671 1376 1728 1440 δὴ

258 1469 291 1497 10
305 1448 469 1507 τρόπος
487 1445 541 1493 ἂν
562 1448 627 1508 εἴη
648 1444 673 1491 ὃ
692 1450 777 1492 νῦν
795 1444 1086 1508 ἐξητασμένος,
1105 1444 1155 1491 τὸ
1178 1444 1232 1491 δι’
1256 1444 1396 1491 ἄλλου
1416 1443 1465 1491 τὸ
1483 1446 1524 1490 τί
1543 1446 1630 1491 ἐστι
1642 1445 1730 1491 δεί-
1784 1440 1786 1455 ¹

306 1520 511 1561 κνυσθαι.
566 1518 651 1559 τῶν
679 1530 720 1558 τε
743 1510 825 1572 γὰρ
845 1513 886 1557 τί
903 1513 1016 1559 ἐστιν
1035 1511 1198 1574 ἀνάγκη
1214 1510 1264 1558 τὸ
1288 1512 1421 1570 μέσον
1445 1508 1551 1557 εἶναι
1570 1512 1612 1556 τί
1630 1512 1729 1565 ἐστι,

305 1584 379 1627 καὶ
397 1585 486 1626 τῶν
506 1580 626 1625 ἰδίων
651 1581 772 1624 ἴδιον.
808 1575 913 1624 ὥστε
934 1577 986 1624 τὸ
1009 1580 1085 1638 μὲν
1101 1577 1223 1634 δείξει
1243 1576 1293 1624 τὸ
1315 1576 1353 1623 δ’
1372 1576 1431 1623 οὕ
1452 1576 1575 1632 δείξει
1592 1581 1677 1623 τῶν
1691 1577 1733 1622 τί
1781 1609 1783 1611 -

306 1641 362 1712 ἦν
382 1645 489 1694 εἶναι
503 1650 563 1711 τῷ
586 1643 714 1711 αὐτῷ.
731 1644 954 1705 πράγματι.

412 1706 556 1768 Οὗτος
566 1714 642 1772 μὲν
658 1712 741 1757 οὐν
762 1709 787 1756 ὁ
806 1711 970 1771 τρόπος
991 1709 1058 1756 ὅτι
1072 1708 1159 1755 οὐκ
1172 1706 1225 1755 &v
1237 1711 1302 1771 εἴη
1316 1707 1544 1765 ἀπόδειξις,
1569 1710 1731 1770 εἴρηται

258 1796 294 1825 15
306 1779 515 1838 πρότερον
528 1796 537 1806 ·
574 1776 666 1824 ἀλλ’
689 1778 772 1823 ἔστι
794 1775 970 1838 λογικὸς
989 1774 1284 1836 συλλογισμὸς
1301 1779 1385 1821 τοῦ
1402 1777 1444 1820 τί
1453 1776 1577 1820 ἐστιν.
1623 1773 1676 1820 ὃν
1686 1776 1731 1820 δὲ

307 1846 469 1905 τρόπον
503 1845 721 1904 ἐνδέχεται,
755 1844 956 1904 λέγωμεν,
989 1841 1173 1897 εἰπόντες
1206 1841 1335 1887 πάλιν
1369 1839 1413 1895 ἐξ
1444 1839 1593 1903 ἀρχῆς.
1645 1838 1731 1887 ὥσ-

308 1927 388 1973 περ
410 1910 492 1974 γὰρ
513 1909 562 1957 τὸ
583 1911 691 1956 διότι
712 1914 923 1971 ζητοῦμεν
943 1910 1104 1968 ἔχοντες
1122 1906 1172 1954 τὸ
1194 1906 1283 1963 ὅτι,
1329 1908 1458 1953 ἐνίοτε
1485 1909 1531 1953 δὲ
1552 1907 1624 1952 καὶ
1646 1904 1733 1966 ἅμα

309 1984 420 2042 δῆλα
440 1979 596 2039 γίνεται
609 2012 620 2033 ‚
654 1974 746 2022 ἀλλ’
767 1974 866 2021 οὔτι
889 1974 1097 2035 πρότερόν
1118 1993 1162 2035 γε
1182 1972 1234 2020 τὸ
1255 1972 1363 2019 διότι
1382 1971 1567 2019 δυνατὸν
1577 1973 1731 2033 γνωρί*

310 2058 383 2092 σαι
401 2049 483 2091 τοῦ
506 2042 583 2101 ὅτι,
619 2047 758 2104 δῆλον
774 2040 840 2087 ὅτι
861 2040 1019 2102 ὁμοίως
1038 2042 1109 2086 καὶ
1121 2038 1171 2086 τὸ
1188 2041 1230 2086 τί
1246 2033 1302 2102 ἦν
1317 2037 1422 2086 εἶναι
1433 2038 1517 2085 οὐκ
1534 2038 1639 2085 ἄνευ
1647 2042 1733 2085 τοῦ
1784 2048 1786 2063 ²

260 2127 296 2154 2⁰
312 2111 377 2159 ὅτι
399 2112 530 2158 ἐστίν·
566 2109 783 2155 άδύνατον
805 2106 886 2169 γὰρ
906 2108 1062 2154 εἰδέναι
1080 2108 1122 2153 τί
1138 2108 1263 2162 ἐστιν,
1286 2104 1548 2166 ἀγνοοῦντας
1561 2107 1597 2151 εἰ
1608 2106 1730 2151 ἔστιν.

311 2178 363 2225 τὸ
402 2177 439 2225 δ’
472 2179 508 2224 εἰ
545 2177 658 2222 ἔστιν
697 2173 767 2221 ὁτὲ
799 2176 877 2234 μὲν
914 2172 1022 2220 κατὰ
1061 2171 1331 2235 συμβεβηκὸς
1370 2173 1537 2232 ἔχομεν,
1596 2169 1666 2217 ὁτὲ
1696 2168 1733 2216 δ’

312 2245 476 2307 ἔχοντές
507 2262 547 2289 τι
581 2241 724 2288 αὐτοῦ
755 2245 839 2287 τοῦ
860 2240 1121 2302 πράγματος,
1155 2237 1248 2286 οἷον
1269 2238 1467 2301 βροντήν,
1503 2236 1568 2284 ὅτι
1585 2236 1734 2299 ψόφος

403 2349 446 2382 32
471 2345 491 2389 ἡ
517 2358 571 2378 om
593 2357 627 2378 n.
658 2364 691 2368 —-
721 2343 774 2378 ἔτι
798 2339 856 2377 ὅτι
881 2341 1035 2386 ου’δεμία
1054 2345 1093 2377 D.
1122 2363 1158 2368 -—
1187 2339 1354 2382 οὐδεμία]
1379 2339 1532 2384 οὐδεμία
1557 2337 1732 2381 ἐπιστήμη

306 2395 362 2436 fn,
389 2405 426 2425 rc
451 2393 511 2431 Bc,
536 2404 571 2423 rc
595 2402 649 2431 mg
672 2401 705 2421 u.
730 2408 772 2413 —-
796 2387 1021 2429 ἀποδείξειεν
1046 2400 1125 2420 corr
1148 2399 1175 2428 c,
1200 2383 1385 2426 ἀπόδειξις
1409 2386 1464 2428 εἴη
1486 2387 1525 2421 D,
1550 2382 1734 2425 ἀπόδειξις

312 2435 386 2471 ,εἷεν
410 2433 455 2471 ὂὶν
480 2437 512 2469 d.
539 2454 582 2460 ——
615 2436 655 2468 37
683 2431 770 2468 ου’δὲ
794 2433 958 2475 ABduM,
995 2445 1029 2464 rc
1055 2444 1083 2465 c.
1113 2448 1154 2455 —-
1190 2429 1304 2466 οὐθὲν
1330 2432 1371 2463 D.
1409 2448 1449 2453 —
1486 2427 1734 2463 ἀποδείκνυσι

312 2495 393 2516 corr
420 2494 446 2514 c.
473 2501 512 2506 -
539 2481 581 2513 38
605 2479 810 2513 δείκνυσιν
835 2489 910 2510 corr
937 2490 963 2510 c.

401 2527 489 2560 9321ss
513 2525 586 2568 καὶ]
612 2521 634 2567 ἢ
662 2525 702 2557 D.
728 2542 772 2548 —
795 2520 932 2556 ταύτὸν
955 2520 1003 2561 ὥς
1028 2519 1163 2563 ἔφαμεν
1180 2522 1212 2561 s.
1237 2538 1281 2544 —
1305 2519 1325 2552 4
1350 2519 1398 2551 alt
1422 2514 1462 2551 τὸ
1488 2530 1542 2551 om
1562 2519 1595 2560 f.
1614 2536 1655 2542 —
1681 2516 1731 2560 εἰ]

314 2573 350 2606 τί
378 2574 466 2609 Πηιι,
492 2583 531 2614 pr
558 2571 597 2602 B.
622 2588 666 2594 -
688 2566 728 2601 τὸ
755 2579 808 2600 om
837 2569 919 2609 Dus.
946 2585 991 2591 —
1013 2563 1054 2600 τὸ
1081 2577 1135 2597 om
1161 2566 1226 2598 Dn.
1249 2584 1293 2589 —
1317 2564 1336 2596 6
1360 2561 1420 2597 καὶ
1443 2574 1475 2595 π.
1500 2581 1544 2589 -
1571 2562 1617 2606 εἰ]
1642 2555 1668 2607 ᾗ
1695 2563 1732 2603 A,

315 2630 357 2660 pr
380 2629 414 2657 τι,
440 2617 488 2653 εἰς
515 2616 562 2648 Μ.
590 2633 632 2640 -——
655 2609 913 2647 ἀποδεικτικὸν
942 2613 1019 2653 Dfu.
1050 2629 1088 2634 —
1112 2610 1133 2642 8
1157 2622 1196 2652 pr
1218 2610 1268 2654 τῷ
1292 2621 1344 2641 om
1370 2608 1402 2641 d.
1426 2626 1468 2632 —
1493 2608 1513 2640 9
1532 2606 1594 2651 δὴ]
1610 2608 1734 2640 τοίνυν

323 2663 361 2700 ι),
385 2662 430 2704 δὴ
454 2661 580 2694 τοίνυν
602 2660 653 2701 ns.
679 2678 718 2683 -
746 2659 788 2690 lo
811 2650 836 2702 ᾗ
859 2653 878 2690 ὁ
904 2656 936 2688 d.
962 2674 1006 2680 —
1030 2653 1090 2698 δι’]
1116 2653 1156 2688 δὲ
1175 2656 1223 2688 M.
1241 2673 1281 2678 -
1310 2655 1349 2686 12
1373 2652 1423 2698 τῷ
1446 2652 1481 2687 τι
1497 2654 1543 2686 Μ.
1561 2671 1601 2676 -
1630 2650 1733 2684 1625-

316 2718 424 2748 γομεν
448 2707 505 2746 dn,
533 2717 611 2738 corr
637 2705 672 2736 A.
697 2721 738 2728 -
763 2699 925 2740 ἐπιόντες
948 2712 1024 2732 corr
1047 2712 1079 2733 u.
1103 2718 1147 2724 —
1174 2700 1213 2733 17
1236 2697 1306 2744 γὰρ
1333 2710 1385 2729 om
1411 2710 1451 2741 pr
1471 2699 1510 2730 B.
1535 2715 1576 2722 -
1602 2694 1672 2738 ὅτι]
1697 2695 1733 2729 τί

318 2763 358 2794 pr
380 2762 414 2783 n.
448 2769 493 2774 -
529 2750 567 2782 18
590 2748 694 2792 δῆλα]
720 2744 765 2791 δὴ
793 2747 840 2780 Μ.
871 2764 914 2770 -
949 2746 991 2777 20
1015 2742 1073 2778 ’ὅτι
1097 2757 1150 2778 om
1176 2745 1208 2777 d.
1239 2762 1284 2769 -
1316 2739 1543 2778 α’δύνατον..
1559 2739 1672 2775 .ἐστιν
1696 2752 1732 2772 rc

318 2807 372 2838 mg
396 2795 427 2828 d.
455 2814 496 2819 —
520 2792 615 2828 ἐστιν
638 2801 673 2826 et
696 2793 739 2826 27
763 2790 873 2835 ἐστίν]
899 2787 992 2826 εἶναι
1016 2791 1065 2823 Μ.
