1872 3126
565 224 828 271 Analytica
859 226 1149 270 posteriora.
1537 225 1616 266 361

201 323 308 378 Cap.
329 323 397 366 23.
453 322 509 363 Su·
532 323 569 363 A
592 324 872 377 praedicatur
902 331 943 365 et
972 325 1027 365 de
1053 325 1087 365 C
1118 330 1160 365 et
1188 323 1242 364 de
1268 324 1319 374 Ι),
1351 337 1436 364 non
1465 338 1617 365 conse-

97 389 241 442 quitur
270 401 485 428 commune
512 388 675 441 aliquid
702 402 813 438 esse,
853 396 1030 444 propter
1067 388 1177 444 quod
1204 389 1240 428 A
1269 394 1308 428 et
1346 389 1400 429 de
1429 390 1463 429 C
1494 395 1533 429 et
1565 390 1618 430 de

96 453 131 492 l)
157 452 448 506 praedicetur.
505 455 557 491 19
582 451 637 491 Si
665 451 794 491 datur
823 454 987 508 aliquid
1013 454 1210 504 medium,
1234 459 1414 507 propter
1442 454 1553 508 quod
1579 455 1617 493 A

98 516 153 557 de
180 518 212 556 B
241 517 308 557 vel
331 517 610 571 praedicatur
637 517 706 556 vel
741 524 946 570 negatur,
991 519 1389 559 demonstrationem
1430 519 1619 558 admittit

94 582 328 634 propositio
353 583 437 620 AB.
493 581 604 621 Sunt
627 583 934 635 propositiones
963 589 1006 623 et
1034 585 1298 637 affirmantes
1327 589 1368 622 et
1397 589 1617 636 negantes,

97 656 275 699 quarum
310 647 485 685 termini
519 660 601 687 non
639 648 952 699 coniunguntur
986 661 1065 701 per
1105 649 1248 687 alium.
1303 650 1353 686 31
1387 647 1517 697 Quem
1547 649 1614 687 lo-

99 722 192 749 cum
220 723 428 762 occupare
455 710 607 750 debeat
645 712 849 751 terminus
887 713 959 764 qm’
986 717 1208 751 connectat
1236 712 1418 765 reliquos
1446 713 1492 751 in
1516 725 1617 766 pro-

94 774 302 827 positione
330 776 574 828 affirmante
603 781 644 815 et
674 774 838 831 (8533)
869 777 914 815 in
939 778 1231 830 propositione
1258 782 1467 830 negante,·
1488 789 1617 830 espo-

96 838 226 877 nitur.

94 902 219 941 84h23
249 902 294 942 Si
321 904 364 942 A
390 904 654 954 praedicatur
682 905 735 944 de
764 905 886 947 omni
903 904 938 944 C
961 909 1004 943 et
1032 905 1083 944 de
1112 906 1221 944 omni
1250 905 1316 954 Ι),
1349 904 1384 943 G
1407 917 1506 943 vero
1533 917 1616 943 ne-

150 971 272 1019 gatur
299 968 385 1007 sive
413 969 467 1007 de
489 969 598 1007 omni
619 970 712 1011 sive
741 970 796 1008 de
824 969 1028 1020 aliqumD,
1057 983 1181 1010 causa
1210 971 1264 1009 ob
1294 969 1471 1020 quamA
1494 973 1539 1007 et
1565 969 1619 1007 de

153 1031 190 1070 G
212 1035 255 1070 et
282 1031 335 1070 de
363 1033 406 1071 D
431 1033 698 1084 praedicatur
724 1047 807 1073 non
834 1034 978 1084 utique
1008 1034 1156 1072 eadem
1176 1047 1269 1073 esse
1292 1034 1474 1073 debebit.
1514 1033 1618 1071 Nam

151 1095 187 1135 si
216 1096 364 1134 eadem
391 1097 534 1148 utique
563 1102 699 1147 esset,
736 1098 841 1137 haec
879 1098 968 1148 ipsa
998 1111 1122 1136 causa
1154 1099 1323 1149 exprimi
1351 1102 1494 1149 posset
1522 1101 1616 1136 ter-

151 1161 262 1199 mino
289 1161 426 1200 medio
456 1161 551 1213 (B),
578 1173 655 1212 per
683 1175 804 1213 quem
834 1162 936 1202 etA
963 1175 1055 1200 cum
1086 1162 1122 1201 C
1146 1163 1246 1202 etA
1274 1175 1366 1200 cum
1386 1162 1429 1200 D
1448 1161 1620 1212 adpro-

150 1224 397 1276 positionem
436 1225 714 1264 affirmantem
751 1227 1085 1278 coniungendum
1124 1239 1218 1265 esse
1245 1226 1616 1274 demonstraretur,

151 1291 198 1327 ut
217 1292 428 1328 exstarent
448 1290 530 1328 duo
547 1290 774 1341 syllogismi
786 1290 916 1339 „AR
938 1290 976 1328 Β
982 1289 1024 1338 C,
1046 1303 1145 1342 ergo
1159 1289 1285 1340 AG”,
1312 1294 1354 1330 et
1367 1288 1496 1338 „AB,
1525 1288 1619 1337 BD,

151 1365 253 1404 ergo
282 1352 414 1392 AD'’:
450 1353 552 1392 alius
580 1355 710 1406 igitur
747 1354 922 1393 daretur
956 1355 1156 1393 terminus
1186 1352 1289 1407 (B),
1329 1354 1399 1405 qui
1427 1357 1470 1392 et
1500 1353 1554 1392 de
1587 1351 1621 1392 C

150 1421 194 1456 et
229 1417 282 1456 de
314 1417 353 1456 Ι)
386 1419 720 1468 praedicaretur,
760 1419 878 1457 cuius
906 1419 968 1457 rei
995 1440 1050 1446 —
1075 1419 1156 1457 hoc
1185 1423 1249 1457 est
1278 1419 1388 1457 enim
1426 1418 1536 1468 quod
1565 1418 1618 1455 ab

149 1481 267 1520 initio
284 1482 502 1520 sumsimus
519 1501 574 1510 —-
594 1482 820 1520 communis
837 1482 1011 1521 inveniri
1027 1487 1172 1532 posset
1194 1495 1332 1530 causa,
1364 1494 1468 1532 quae
1496 1481 1619 1519 etiam

151 1544 230 1583 alio
266 1545 444 1583 termino
482 1545 616 1583 medio
658 1545 956 1595 exprimeretur
999 1551 1040 1583 et
1079 1546 1136 1584 sic
1164 1558 1311 1596 porro:
1349 1545 1619 1583 terminorum

151 1607 380 1647 mediorum
406 1609 534 1660 igitur
562 1620 756 1647 numerus
783 1609 967 1648 infinitus
997 1622 1089 1648 esse
1111 1609 1300 1658 deberet,
1330 1609 1441 1660 quod
1464 1609 1616 1647 absur-

152 1673 250 1710 dum
279 1684 373 1710 esse
401 1672 782 1711 demonstravimus.
836 1673 1006 1712 Brevius
1042 1673 1151 1711 idem
1188 1673 1462 1713 demonstrari
1499 1678 1619 1723 pote-

151 1741 220 1775 rat
255 1736 337 1775 sic:
373 1735 482 1777 κατὰ
517 1736 667 1777 κοινόν
702 1750 742 1777 τι
777 1735 983 1790 ὑπάρχειν
1019 1737 1100 1778 οὐκ
1138 1735 1303 1789 ἀνάγκη
1340 1735 1405 1776 ἀεὶ
1432 1735 1480 1776 τὸ
1509 1735 1615 1776 αὐτὸ
1644 1777 1657 1784 ,

150 1799 363 1840 πλείοσιν·
405 1797 428 1841 ὃ
464 1800 543 1853 μὲν
579 1800 661 1854 γὰρ
698 1801 806 1842 κατὰ
842 1800 881 1842 τὶ
918 1801 1096 1854 ὑπάρχει
1135 1801 1188 1842 οὐ
1215 1803 1396 1853 πρώτως
1421 1800 1616 1853 ὑπάρχει,

152 1864 242 1905 ἀλλ’
284 1864 538 1915 ἀποδεικτόν
576 1864 716 1915 ἐστιν,
756 1863 845 1906 ἐπεὶ
872 1865 911 1906 δ’
940 1866 1019 1919 οὐχ
1045 1868 1094 1907 ἓν
1129 1863 1194 1907 ἑνὶ
1220 1865 1284 1907 ἀεὶ
1312 1866 1479 1918 ἀνάγκη
1507 1865 1616 1907 κατὰ

151 1928 192 1970 τὶ
217 1923 442 1983 ὑπάρχεινί
455 1929 561 1971 ἀλλὰ
588 1930 692 1971 καθ’
722 1929 828 1971 αὐτὸ
856 1929 929 1972 καὶ
955 1931 1156 1982 πρώτως,
1189 1930 1291 1972 οὐδὲ
1318 1929 1448 1972 ταύτὸ
1478 1931 1617 1972 πλείο-

150 2003 232 2035 σιν.
270 2017 326 2024 -·
390 1996 475 2035 Cur
503 2009 562 2035 vs.
596 1999 643 2034 ll
677 1995 778 2036 Bkk.
816 1996 1082 2036 scribendum
1126 1998 1337 2048 putaverit
1375 1995 1448 2038 καὶ
1484 1997 1543 2051 τῷ
1573 1999 1616 2036 Δ

150 2060 385 2099 melioribus
412 2060 534 2098 codd.
562 2060 722 2108 invitis,
763 2074 886 2111 quum
913 2063 1061 2100 82a29
1089 2061 1254 2099 dederit
1288 2064 1369 2100 τοῦ
1397 2063 1439 2100 A
1464 2059 1537 2101 καὶ
1567 2064 1617 2112 Ζ,

152 2137 235 2164 non
262 2124 399 2163 video.
451 2124 683 2162 Articulum
711 2125 984 2162 omittendum
1025 2136 1118 2162 esse
1146 2123 1271 2162 facile
1299 2125 1401 2163 mihi
1428 2126 1619 2176 persuasi

151 2201 202 2227 ex
228 2188 278 2226 iis
307 2201 412 2238 quae
442 2187 589 2238 collegi
618 2188 670 2224 ad
699 2189 824 2226 :3a21
855 2191 898 2225 et
925 2188 979 2225 ad
1007 2188 1096 2226 26b
1113 2189 1178 2226 32.

97 2253 186 2292 8411
202 2253 249 2289 14
276 2251 551 2302 Magentenus
577 2251 723 2289 habuit
740 2248 849 2301 μέσα
870 2250 1149 2303 διαστήματα,
1179 2251 1287 2302 quod
1312 2251 1436 2290 etiam
1455 2253 1497 2291 in
1519 2266 1620 2293 non-

150 2315 272 2355 nullis
298 2318 535 2354 nostrorum
561 2314 748 2354 codicum
775 2316 999 2366 reperitur,
1028 2320 1075 2355 ut
1102 2329 1246 2354 sensus
1277 2316 1329 2353 sit
1358 2312 1552 2368 ἐπείπερ,
1582 2317 1620 2358 εἰ

151 2378 318 2432 ἀνάγκη
357 2376 466 2418 κατὰ
504 2378 654 2418 κοινόν
690 2392 730 2419 τι
768 2378 831 2418 ἀεὶ
859 2378 1066 2432 ὑπάρχειν
1093 2379 1140 2420 τὸ
1171 2378 1276 2419 αὐτὸ
1303 2379 1516 2431 πλείοσιν,
1554 2380 1621 2422 ἀεὶ

151 2442 207 2485 ἂν
233 2436 289 2497 ἧν
315 2442 448 2495 μέσον
474 2441 570 2483 τινὰ
598 2441 706 2494 ὅρον
733 2441 969 2496 ἐμβάλλειν,
1001 2440 1105 2496 ὅπερ
1134 2443 1365 2484 ἀδύνατον.
1408 2446 1499 2494 Quo
1530 2449 1619 2497 qui-

151 2510 247 2549 dem
286 2522 414 2549 sensu
450 2512 614 2560 tempus
651 2508 836 2548 futurum
874 2510 1041 2561 saepius
1080 2510 1245 2560 ponitur
1283 2510 1332 2548 ab
1371 2510 1620 2557 Aristotele,

152 2574 231 2612 sed
257 2587 382 2624 quum
409 2573 578 2612 deesset
606 2572 693 2623 ἀεί,
729 2574 1001 2623 praetulimus
1038 2573 1263 2612 lectionem
1292 2574 1452 2623 άμεσα,
1497 2587 1619 2625 quam

153 2638 279 2676 etiam
305 2637 505 2676 Boethius
535 2641 577 2676 et
604 2642 684 2676 vet.
713 2638 814 2688 intp.
844 2638 1104 2686 habuernmt,
1134 2638 1187 2676 de
1217 2651 1297 2689 qua
1326 2638 1508 2678 dubitari
1533 2652 1620 2679 non

153 2704 309 2752 posset,
338 2701 375 2739 si
401 2714 477 2752 pro
505 2699 623 2742 ἔσται
651 2703 851 2752 scriptum
876 2705 1061 2741 exstaret
1088 2699 1215 2741 ἐστίν.

100 2766 189 2806 841)
206 2766 255 2804 15
283 2761 331 2805 ἐκ
356 2764 444 2805 τῶν
471 2765 616 2808 αὐτῶν
643 2765 840 2818 ἀτόμων,
877 2766 920 2805 h.
949 2778 985 2808 e.
1015 2762 1062 2807 ἐκ
1098 2767 1175 2818 τῆς
1213 2765 1349 2819 αὐτῆς
1366 2765 1627 2820 -συστοιχίας
