1786 3068
269 213 322 251 2⁴}
782 207 1186 242 ΑΝΑΛΤΤΙΚΩΝ

271 309 318 355 δὲ
348 305 421 354 διά
450 306 753 365 συλλογισμοῦ
783 302 972 359 πλείους.
1031 300 1090 363 μὴ
1113 300 1338 360 ὑπαρχέτω
1362 297 1444 360 γὰρ
1472 296 1523 344 τὸ
1543 301 1580 343 Α
1610 315 1694 359 μη-

224 375 362 421 εοδενὶ
389 377 473 419 τῶν
502 376 539 418 Β
567 369 757 428 άτόμως·
791 366 963 414 ου’κοῦν
990 365 1063 413 ἐὰν
1092 367 1396 448 συλλογίζηται
1416 363 1624 422 ὑπάρχειν
1644 362 1695 408 τὸ

272 443 310 484 A
338 442 400 502 τῷ
424 442 483 491 Β,
517 436 648 495 μέσον
678 431 826 491 λαβων
856 431 908 478 τὸ
944 436 1002 489 Γ,
1046 431 1316 494 ἠπατημένος
1344 431 1458 476 ἔσται
1485 427 1556 474 διὰ
1588 432 1697 473 συλ-

271 507 497 563 λογισμοῦ.
552 498 761 557 ἐνδέχεται
793 499 870 557 μὲν
894 516 978 544 ουν
1007 496 1252 558 άμφοτέρας
1279 495 1358 552 τάς
1382 494 1611 554 προτάσεις
1640 490 1699 539 εἶ-

274 587 346 615 ναι
373 570 562 622 ψευδεῖς,
596 564 804 622 ἐνδέχεται
834 565 879 609 δε
910 562 990 625 τὴν
1023 563 1169 621 ἑτέραν
1202 561 1348 622 μόνον.
1416 562 1453 606 εἰ
1482 557 1564 620 γὰρ
1594 558 1699 620 μήτε

275 632 327 678 τὸ
357 636 393 677 Α
423 631 573 692 μηδενὶ
602 633 687 674 τῶν
721 632 765 673 Γ
786 626 972 687 ὑπάρχει
1001 646 1103 690 μητε
1132 627 1182 673 τό
1204 631 1249 673 Γ
1272 627 1421 688 μηδενὶ
1441 629 1534 671 τῶν
1555 627 1605 680 Β,
1640 626 1700 670 εἴ-

227 702 431 758 εεληπται
463 694 501 740 δ’
532 694 709 752 ἑκατέρα
742 692 966 749 άνάπαλιν,
1010 692 1141 753 άμφω
1173 697 1352 748 ψευδεῖς
1387 693 1566 737 ἔσονται.
1634 690 1696 750 ἐγ-

274 767 405 822 χωρεῖ
430 759 468 806 6'
495 757 634 814 οὕτως
660 760 766 818 ἔχειν
786 758 837 804 τὸ
858 763 903 804 Γ
916 757 1027 817 πρὸς
1052 758 1103 804 τὸ
1125 762 1162 803 Α
1183 759 1255 804 καὶ
1282 762 1319 803 Β
1350 755 1455 802 ωστε
1475 755 1578 817 μήτε
1606 752 1700 800 ὑπὸ

274 826 325 872 τό
357 830 393 870 A
422 822 528 871 εἶναι
555 823 657 886 μήτε
686 823 892 870 καθόλου
921 828 981 888 τῷ
1014 827 1062 869 Β.
1116 822 1165 869 τὸ
1192 825 1268 883 μὲν
1299 820 1382 883 γάρ
1417 825 1453 866 Β
1487 820 1704 866 άδύνατον

276 888 384 937 εἶναι
406 892 449 936 ἐν
472 888 560 954 ὅλῳ
581 890 684 935 τινί·
719 889 901 948 πρώτως
919 888 1002 950 γὰρ
1023 890 1184 948 ἐλέγετο
1205 887 1327 955 αὐτῷ
1346 885 1398 932 τὸ
1422 891 1458 931 Α
1479 884 1538 947 μὴ
1560 884 1590 931 ὑ
1592 885 1705 943 πάρ-

275 954 471 1017 χειν·τό
503 958 549 1001 δε
571 959 608 1000 A
641 953 727 1000 οὐκ
758 953 922 1016 άνάγκη
949 957 1056 999 πᾶσι
1078 959 1172 1009 τοῖς
1199 934 1327 1000 οὖσιν
1356 949 1462 997 εἶναι
1490 951 1704 1005 καθόλου,

229 1019 377 1072 ωῶστ’
414 1020 657 1080 ἀμφότεραι
685 1023 874 1076 ψευδεῖς.
951 1017 1060 1064 om&
1099 1020 1172 1063 καὶ
1202 1017 1282 1081 τὴν
1317 1017 1463 1076 ετέραν
1499 1016 1705 1075 ἐνδέχεται

278 1086 427 1147 ἀληθῆ
463 1085 716 1144 λαμβάνειν,
759 1084 817 1130 οὐ
847 1084 993 1144 μέντοι
1029 1082 1241 1142 ὁποτέραν
1273 1084 1438 1141 ε’τυχεν,
1485 1080 1593 1126 άλλά
1627 1079 1707 1142 τὴν

176 1173 210 1204 p
203 1160 261 1194 80
276 1155 376 1197 ΑΓ·
416 1169 452 1220 η
482 1149 562 1210 γὰρ
589 1153 664 1194 ΓΒ
692 1149 903 1228 πρότασις
933 1147 999 1194 αἐὶ
1022 1147 1228 1210 ψευδὴς’
1215 1150 1330 1194 ε’σται
1362 1145 1434 1192 διά
1462 1145 1513 1192 τὸ
1548 1147 1591 1192 ἐν
1620 1164 1704 1206 μη-

277 1218 367 1263 δενὶ
394 1221 501 1261 εἰναι
528 1214 579 1260 τὸ
609 1219 659 1269 Β,
691 1212 771 1275 τὴν
801 1216 847 1260 δε
878 1218 962 1259 ΑΓ
985 1214 1168 1274 ἐγχωρεῖ,
1210 1211 1304 1259 οἷον
1334 1213 1372 1258 εἰ
1401 1210 1451 1257 τὸ
1472 1216 1508 1256 Α
1538 1212 1612 1256 καὶ
1642 1214 1707 1274 τῷ

280 1285 325 1327 Γ
356 1282 427 1326 καὶ
465 1285 525 1344 τῷ
563 1283 599 1324 Β
637 1277 822 1338 ὑπάρχει
858 1278 1038 1337 άτόμως.
1100 1276 1204 1324 ὅταν
1240 1277 1322 1338 γάρ
1358 1281 1528 1335 πρῶτον
1573 1294 1706 1337 κατη-

277 1350 457 1408 γορῆται
477 1343 612 1390 ταύτὸ
634 1344 858 1399 πλειόνων,
886 1342 1119 1403 οὐδέτερον
1141 1342 1358 1406 ουδετέρῳ
1377 1344 1504 1389 ε’.σται
1553 1342 1708 1402 διαφέ-

245 1430 263 1458 5
280 1430 343 1473 ρει
361 1410 399 1457 δ’
417 1409 561 1466 οὐδέν,
596 1407 693 1475 0336’
713 1410 749 1454 εἰ
766 1408 825 1470 μή
859 1407 1026 1467 άτόμως
1048 1407 1245 1467 ὑπάρχει.

373 1475 434 1521 H
466 1494 542 1535 μεν
580 1468 663 1520 οὖν
703 1479 785 1520 τοῦ
819 1472 1028 1539 ὑπάρχειν
1067 1473 1209 1534 άπάτη
1247 1470 1319 1518 διὰ
1355 1471 1523 1517 τούτων
1553 1489 1596 1516 τε
1637 1471 1710 1515 καὶ

279 1538 398 1587 ου’τω
414 1542 571 1601 γίνεται
590 1539 735 1598 μόνως
760 1537 841 1599 (ου’
863 1538 944 1598 γὰρ
967 1540 1022 1601 ἠν
1045 1539 1090 1585 ἐν
1110 1538 1228 1602 α’λλῳ
1250 1537 1432 1598 σχήματι
1452 1540 1536 1582 τοῦ
1562 1534 1710 1594 ὑπάρ-

279 1624 368 1666 χειν
397 1604 735 1665 συλλογισμός),
784 1602 813 1665 ἡ
837 1605 883 1649 δε
915 1609 999 1650 τοῦ
1028 1603 1088 1666 μὴ
1119 1585 1326 1669 ὑπάρχειν
1354 1604 1397 1648 ἐν
1427 1620 1469 1647 τε
1502 1605 1562 1665 τῷ
1590 1600 1710 1659 πρω-

280 1689 340 1735 τῳ
370 1673 442 1716 καὶ
475 1671 542 1716 ἐν
549 1674 610 1734 τῷ
642 1670 757 1751 μέσῳ
793 1668 986 1730 σχήματι.
1052 1674 1223 1729 πρῶτον
1248 1670 1332 1714 οὐν
1361 1670 1540 1725 εἴπωμεν
1570 1678 1711 1711 ποσα-

231 1755 266 1782 ιο
281 1740 366 1796 χῶς
395 1737 440 1781 ἐν
470 1739 534 1798 τῷ
564 1717 718 1797 πρώτῳ
749 1735 928 1800 γίνεται,
973 1735 1046 1779 καὶ
1080 1739 1173 1790 πῶς
1201 1735 1399 1792 ἐχουσων
1427 1737 1512 1777 τῶν
1547 1731 1709 1790 προτά-

281 1812 401 1846 σεων.
437 1800 645 1859 ἐνδεχεται
656 1816 732 1856 μεν
746 1801 831 1844 οὐν
844 1797 1100 1857 άμφοτέρων
1115 1802 1296 1853 ψευδων
1317 1797 1483 1852 οὖσι-ὄν,
1509 1794 1600 1842 οἷον
1612 1808 1647 1841 ει
1658 1815 1710 1841 το

283 1870 319 1911 Α
354 1866 426 1911 καὶ
456 1869 519 1928 τῷ
555 1868 599 1908 Γ
631 1865 703 1908 καὶ
733 1867 792 1926 τῷ
828 1867 864 1908 Β
899 1862 1086 1923 ὑπάρχει
1111 1863 1299 1922 άτόμως·
1344 1862 1418 1908 ἐὰν
1446 1860 1526 1922 γὰρ
1556 1865 1714 1923 ληφθῇ

282 1929 333 1976 τὸ
373 1932 450 1989 μεν
485 1910 521 1974 ‘A
552 1934 615 1993 τῷ
647 1933 691 1973 Γ
718 1930 890 1990 μηδενί,
935 1927 984 1974 τὸ
1021 1931 1067 1975 δε
1101 1933 1145 1974 Γ
1178 1930 1304 1974 παντὶ
1333 1933 1394 1992 τῷ
1427 1931 1486 1983 Β,
1536 1930 1714 1982 ψευδεῖς

284 1997 329 2041 αἱ
352 1994 591 2054 προτάσεις.
649 1994 855 2053 ἐνδέχεται
885 1995 931 2039 δε
959 1995 1031 2039 καὶ
1059 1999 1138 2056 τῆς
1165 1993 1308 2052 ετὲρας
1337 1996 1536 2049 ψευδοῦς
1560 1991 1712 2053 οὔσης,

237 2080 271 2107 15
287 2063 361 2106 καὶ
399 2060 562 2121 ταύτης
601 2057 811 2118 ὁποτέρας
848 2060 1003 2118 ε’τυχεν.
1076 2061 1248 2140 ἐγχωρεῖ
1280 2058 1364 2141 γὰρ
1407 2057 1485 2120 τὴν
1520 2076 1596 2119 μεν
1635 2060 1722 2102 ΑΓ

286 2125 436 2187 ἀληθῆ
466 2131 597 2180 εἰναι,
637 2143 716 2193 την
747 2126 791 2170 δε
829 2128 904 2169 ΓΒ
933 2127 1102 2186 ψευδῆ,
1143 2123 1222 2186 τὴν
1248 2143 1324 2183 μεν
1351 2128 1435 2169 ΑΓ
1463 2123 1614 2184 ἀληθῆ
1646 2120 1714 2168 ὅτι

285 2190 343 2237 οὐ
369 2195 477 2236 πᾶσι
507 2195 597 2246 τοῖς
631 2185 761 2235 οὖσιν
787 2188 972 2248 ὑπάρχει
1001 2188 1052 2235 τὸ
1083 2194 1133 2245 A,
1182 2188 1261 2251 τὴν
1291 2191 1336 2235 δε
1368 2193 1443 2235 ΓΒ
1473 2191 1618 2249 ψευδῆ
1649 2185 1714 2233 ὅτι

285 2255 502 2302 άδύνατον
538 2254 749 2316 ὑπάρχειν
779 2259 842 2320 τῷ
870 2259 907 2300 Β
936 2252 987 2300 vd
1019 2259 1070 2312 Γ,
1114 2249 1151 2318 ᾦ
1180 2256 1330 2318 μηδενὶ
1363 2254 1547 2313 ὑπάρχει
1576 2251 1625 2298 τὸ
1653 2257 1711 2298 Α·

373 2424 414 2456 31
440 2421 463 2465 ἡ
488 2420 610 2466 ἅπατη
633 2435 700 2466 μεν
724 2422 824 2457 ε’σται
851 2434 929 2454 corr
951 2433 984 2454 u.
1008 2438 1053 2446 --
1085 2423 1128 2456 34
1150 2419 1330 2466 ὑπάρχειν
1353 2422 1396 2463 A,
1422 2416 1576 2475 υπάρχῃ
1603 2421 1645 2453 Β.
1669 2438 1713 2444 -

285 2467 328 2499 36
352 2466 414 2500 καὶ
511 2479 534 2500 α
557 2479 594 2498 rc
619 2479 673 2508 mg
695 2479 728 2499 n.
745 2485 787 2491 —-
812 2467 855 2499 37
879 2467 941 2511 τῷ]
967 2465 1034 2499 τοῦ
1059 2468 1188 2500 corrc.
1206 2486 1251 2491 —
1274 2467 1317 2499 38
1341 2464 1432 2499 αὐτὸ
1457 2477 1491 2497 n.
1505 2483 1549 2488 —
1572 2465 1614 2497 41
1631 2462 1714 2507 μέν-

284 2522 341 2544 τοι
365 2522 402 2552 γε
427 2509 607 2555 ὁποτέραν
636 2512 692 2544 Cc.

375 2548 1565 2607 8081βγιι.-ἐνοῐῐιΑ.-2τῷ]τόΒΜ.-3καὶ]ἢ
1596 2551 1713 2584 M—

283 2595 352 2640 γάρ
376 2610 453 2630 corr
479 2599 516 2632 G
550 2617 590 2623 -
625 2596 779 2653 πρώτως
805 2598 901 2639 Ccnf,
935 2608 1012 2629 corr
1041 2609 1075 2629 ιι.
1106 2616 1151 2623 -
1186 2598 1207 2631 4
1240 2593 1436 2641 οὐδέτερον
1469 2594 1508 2630 ἐν
1528 2565 1713 2650 οὐδετέρῳ

284 2643 359 2696 npf
391 2660 433 2666 —-
465 2641 634 2686 διαφέρει
734 2640 891 2685 ὑπάρχει
922 2652 977 2673 om
1002 2641 1087 2682 BM,
1122 2653 1163 2684 pr
1195 2642 1330 2674 ACcdu.
1363 2658 1407 2665 —-
1438 2641 1459 2673 5
1492 2638 1541 2682 μὴ
1566 2637 1714 2682 οἲτόμως

283 2683 386 2727 μὴῘ
411 2685 1109 2741 -8τεοωο.-9,εἴπομενη.-
1155 2682 1712 2728 12ὂὶνη.-16βγΒάιι.--

288 2728 328 2761 17
352 2728 395 2771 βγ
417 2739 454 2771 p.
478 2748 521 2756 —
547 2730 588 2762 18
611 2728 787 2775 ὑπάρχειν
810 2726 998 2764 ἀδύνατον
1020 2739 1081 2772 np.
