1780 3132
604 211 895 246 ΤΣΤΕΡΩΝ
920 213 960 245 Α.
1451 206 1506 246 45

55 330 195 376 γωνον
217 309 284 359 ὅτι
310 311 442 358 δυσὶν
460 308 621 372 ὀρθαῖς
641 312 739 369 ἴσας
768 311 850 372 ἔχει
869 309 948 369 τὰς
967 308 1149 372 γωνίας,
1191 308 1431 372 ἐζητοῦμεν
1449 305 1505 355 ἂν

57 378 279 436 οἷπόδειξιν
296 380 372 426 καὶ
396 377 482 440 οὐχ
504 375 650 439 ὥσπερ
675 381 791 439 φασί
815 397 928 437 τινες
951 376 1252 442 ἠπιστάμεθα·
1289 377 1523 423 αἰσθάνε-’

56 454 167 496 σθαι
187 450 264 509 μὲν
294 445 378 509 γὰρ
408 445 575 510 ἀνάγκη
605 445 710 493 καθ’
735 447 940 503 ἕκαστον,
988 444 1015 509 ἡ
1045 444 1085 492 δ’
1113 443 1328 508 ἐπιστήμη
1357 448 1419 509 τῷ
1450 441 1502 491 τὸ

57 515 264 563 καθόλου
282 515 500 577 γνωρίζειν
520 514 645 561 ἐστίν.
696 513 768 561 διὸ
791 516 865 561 καὶ
898 517 937 562 εἰ
962 514 1029 560 ἐπὶ
1062 517 1141 576 τῆς
1164 513 1354 576 σελήνης
1381 511 1503 570 ὄντες

59 584 257 645 ἑωρῶμεν
283 581 661 644 ἅντιφράττουσαν
687 580 769 645 τὴν
798 587 903 646 γῆν,
950 580 1038 628 οὐκ
1061 578 1117 627 ἄν
1136 580 1311 642 ᾔδειμεν
1326 578 1412 644 τὴν
1433 581 1502 627 αἰ-
1519 602 1556 631 40

14 698 15 703 ,
56 652 152 698 τίαν
171 655 252 713 τῆς
271 651 512 706 ἐκλείψεως.
555 648 854 711 ᾐσθανόμεθα
872 648 956 712 γάρ
977 647 1031 696 ἂν
1049 646 1115 695 ὅτι
1133 650 1330 706 ἐκλείπει,
1349 650 1426 695 καὶ
1445 647 1504 695 οὐ
1521 673 1555 705 p.
1572 659 1618 694 88

57 717 167 766 διότι
189 716 323 775 ὅλως·
359 716 417 765 οὐ
438 715 520 780 γὰρ
551 712 607 781 ἦν
629 722 714 765 τοῦ
736 718 944 765 καθόλου
967 719 1189 779 αἴσθησις.
1225 715 1284 763 οὐ
1303 715 1392 780 μὴν
1410 714 1505 763 ἄλλ’

0 784 15 828 s
57 787 104 835 ἐκ
121 789 205 833 τοῦ
223 791 406 845 θεωρεῖν
421 790 554 833 τοῦτο
566 786 778 845 πολλάκις
791 791 1033 847 συμβαῖνον
1051 783 1103 831 τὸ
1118 784 1323 832 καθόλου
1342 783 1397 832 ἄν
1415 790 1506 848 θη-

0 895 1 898 ,
58 855 294 915 ρεύσαντες
315 852 536 910 ἀπόδειξιν
554 856 741 916 εἴχομεν·
786 855 833 901 ἐκ
861 851 945 916 γάρ
972 857 1058 900 τῶν
1074 851 1181 899 καθ’
1203 853 1362 900 ἕκαστα
1383 857 1505 900 πλει-

60 922 176 970 όνων
195 920 248 968 τὸ
269 921 478 974 καθόλου
498 925 647 985 δῆλον.
680 919 734 969 τὸ
754 923 801 969 δὲ
821 921 1029 969 καθόλου
1046 922 1201 981 τίμιον,
1215 918 1283 967 ὅτι
1303 925 1436 984 δηλοῖ
1450 918 1504 967 τὸ
1520 937 1540 966 ⁵

60 992 197 1037 αἴτιον
209 1008 219 1017 ·
241 987 350 1036 ὥστε
369 991 467 1048 περὶ
484 994 575 1037 τῶν
591 989 807 1036 τοιούτων
820 988 853 1054 ή
869 989 1076 1037 καθόλου
1091 989 1320 1050 τιμιωτέρα
1338 993 1425 1036 τῶν
1435 989 1506 1035 αἰ-

60 1057 268 1121 σθήσεων
286 1058 359 1103 καὶ
385 1061 466 1119 τῆς
485 1057 705 1120 νοήσεως,
740 1055 859 1106 ὅσων
886 1059 1031 1118 ἕτερον
1054 1055 1106 1104 τὸ
1135 1058 1297 1104 αἴτιον·
1339 1058 1438 1118 περὶ
1458 1057 1507 1103 δὲ

58 1129 149 1172 τῶν
163 1124 344 1184 πρώτων
364 1122 498 1182 ἄλλος
515 1125 661 1187 λόγος.

164 1190 363 1251 Φανερὸν
383 1186 469 1238 οὖν
479 1189 546 1238 ὅτι
568 1191 787 1240 ἀδύνατον
804 1195 870 1257 τῷ
888 1189 1182 1237 αἰσθάνεσθαι
1193 1190 1457 1237 ἐπίστασθαί
1465 1208 1507 1237 τι

57 1263 147 1307 τῶν
166 1257 456 1315 οἷποδεικτῶν,
492 1261 531 1306 εἰ
556 1259 618 1322 μή
648 1277 714 1316 τις
742 1257 793 1305 τὸ
813 1257 1111 1305 αἰσθάνεσθαι
1129 1263 1262 1306 τοῦτο
1281 1259 1416 1320 λέγει,
1451 1255 1504 1305 τὸ
1521 1277 1556 1305 10

58 1327 296 1389 ἐπιστήμην
323 1327 431 1388 ἔχειν
455 1325 512 1373 δι’
531 1325 804 1384 ἀποδείξεως.
860 1327 948 1373 ἔστι
970 1326 1115 1386 μέντοι
1138 1326 1230 1373 ἔνια
1259 1324 1507 1388 ἀναγόμενα

58 1396 120 1452 εἰς
149 1395 403 1458 αἰσθήσεως
430 1394 623 1451 ἔκλειψιν
659 1395 705 1442 ἐν
740 1399 832 1451 τοῖς
859 1393 1180 1456 προβλήμασιν.
1237 1394 1328 1441 ἔνια
1355 1392 1439 1455 γὰρ
1470 1395 1510 1441 εἰ

58 1462 257 1523 ἑωρῶμεν
276 1461 365 1509 οὐκ
385 1459 440 1508 ἄν
458 1462 706 1526 ἐζητοῦμεν,
740 1460 828 1522 οὐχ
846 1460 908 1519 ὥς
928 1462 1088 1519 εἰδότες
1106 1466 1168 1528 τῷ
1183 1460 1308 1522 ὁρᾶν,
1330 1460 1427 1509 ἀλλ’
1448 1460 1509 1520 ὥς

59 1530 224 1591 ἔχοντες
237 1528 290 1576 τὰ
307 1530 515 1577 καθόλου
535 1531 582 1577 ἐκ
602 1535 688 1577 τοῦ
706 1528 831 1590 ὁρᾶν.
868 1527 965 1577 οἷον
985 1531 1023 1576 εἰ
1038 1528 1119 1593 τὴν
1139 1527 1275 1577 ὕελον
1287 1546 1507 1593 τετρυπη-

60 1597 195 1660 μένην
221 1597 422 1657 ἑωρῶμεν
442 1599 517 1643 καὶ
545 1596 596 1645 τὸ
628 1601 730 1658 φῶς
758 1596 894 1653 διιόν,
938 1600 1078 1661 δῆλον
1107 1595 1161 1643 ἂν
1193 1590 1253 1661 ἦν
1273 1599 1347 1643 καὶ
1367 1596 1442 1644 διὰ
1466 1598 1510 1644 τί
1523 1618 1559 1646 1⁵

62 1666 198 1721 καίει,
242 1663 294 1710 τὸ
321 1662 431 1723 ὁρᾶν
456 1665 534 1725 μὲν
559 1667 690 1727 χωρὶς
717 1664 786 1727 ἐφ’
813 1665 1018 1729 ἑκάστης,
1064 1669 1223 1729 νοῆσαι
1251 1664 1291 1713 δ’
1318 1663 1408 1726 ἅμα
1437 1663 1507 1713 ὅτι

62 1732 131 1780 ἐπὶ
151 1735 308 1779 πασῶν
328 1729 486 1789 οὕτως.

168 1797 261 1856 Τὰς
290 1797 328 1846 δ’
359 1797 499 1856 αὐτὰς
525 1797 660 1860 ἆρχᾶς
692 1797 894 1845 ἁπάντων
933 1795 1042 1846 εἶναι
1077 1803 1165 1846 τῶν
1200 1803 1507 1862 συλλογισμῶν
1523 1803 1589 1848 32

62 1865 295 1923 α’δύνατον,
328 1871 506 1927 πρῶτον
528 1868 606 1927 μὲν
623 1870 809 1928 λογικῶς
827 1871 1097 1927 θεωροῦσιν.
1133 1868 1176 1914 οἱ
1195 1869 1275 1929 μὲν
1291 1865 1374 1930 γαρ
1393 1866 1505 1931 ἄλη-

59 1938 158 1991 θεῒς
183 1935 267 1980 εἰσὶ
297 1938 383 1981 τῶν
420 1937 750 1996 συλλογισμῶν,
796 1934 840 1981 οἱ
869 1935 916 1981 δὲ
947 1938 1138 1993 ψευδεῖς.
1191 1937 1265 1982 καὶ
1287 1934 1370 1998 γὰρ
1392 1937 1558 1984 ἔστινω

61 1999 226 2065 ἀληθὲς
237 2002 283 2049 ἐκ
299 2005 479 2058 ’ψευδῶν
490 2004 856 2065 συλλογίσασθαι,
880 2000 975 2049 ἄλλ’
987 2000 1104 2059 ἅπαξ
1117 2008 1253 2050 τοῦτο
1266 2003 1506 2066 γινόμενον,

60 2066 157 2116 οἷον
184 2071 222 2117 εἰ
251 2066 302 2117 τὸ
326 2074 365 2116 Α
392 2068 503 2117 κατὰ
531 2075 616 2118 τοῦ
639 2074 686 2117 Γ
707 2069 887 2134 ἀληθές,
929 2069 981 2117 τὸ
1008 2072 1054 2117 δὲ
1083 2072 1218 2131 μέσον
1249 2070 1303 2118 τὸ
1326 2075 1365 2118 Β
1391 2075 1507 2130 ’φεῦ-

153 2280 197 2314 36
219 2274 357 2324 ὀρθαῖν
378 2291 413 2311 n.
434 2297 480 2305 —-
502 2281 547 2314 37
569 2277 618 2319 ὥς
643 2291 709 2324 up,
733 2291 774 2323 pr
799 2281 857 2322 Df.
885 2299 925 2305 —-—
951 2280 1047 2321 τινές
1071 2291 1187 2324 φασιν
1209 2293 1266 2325 πρ.
1292 2300 1336 2307 -
1361 2281 1508 2317 ἐπιστά-

62 2325 163 2368 μεθα
173 2325 214 2363 Β,
238 2337 280 2369 pr
303 2324 351 2368 df,
377 2320 423 2357 ἂν
447 2323 686 2368 ἠπιστάμεθα
712 2338 790 2358 corr
811 2337 839 2368 c,
866 2320 890 2372 ἦ
914 2324 1152 2371 ἠπιστάμεθα
1171 2339 1250 2359 corr
1268 2328 1356 2360 d.—
1380 2329 1424 2362 38
1440 2328 1507 2376 τῷ]

63 2369 105 2405 τὸ
131 2383 172 2413 pr
197 2371 238 2404 B.
263 2391 305 2397 —
331 2368 374 2403 τὰ
399 2383 435 2402 rc
459 2382 493 2403 n.
518 2389 565 2395 —
588 2373 630 2405 89
654 2371 691 2406 εἰ
711 2384 765 2404 om
793 2373 831 2412 A,
855 2384 896 2416 pr
918 2385 951 2405 π.
976 2392 1023 2399 -
1046 2375 1090 2406 40
1112 2373 1164 2406 alt
1186 2370 1256 2418 τὴν
1279 2385 1333 2405 om
1358 2386 1416 2418 ηρ.

149 2414 233 2449 88:¹1
260 2415 524 2460 αἰσθανόμεθα
544 2429 581 2461 p.
608 2436 651 2443 —
677 2413 751 2461 ὅτι]
778 2413 834 2451 ὅτι
857 2418 926 2452 νῦν
952 2419 1027 2463 Dp,
1062 2431 1099 2451 rc
1126 2431 1163 2459 c,
1189 2419 1285 2453 ὸιότι
1311 2419 1381 2453 νῦν
1403 2431 1438 2454 n.
1463 2439 1509 2447 —-

62 2462 85 2495 4
107 2459 265 2505 εἴχομεν
289 2473 367 2495 corr
389 2474 423 2505 n,
448 2460 582 2506 ἔχωμεν
607 2464 649 2496 D.
673 2481 718 2489 —
753 2464 773 2497 6
796 2464 862 2506 τῆς
885 2464 1094 2508 αἰσθήσεως
1115 2477 1174 2510 np.
1197 2484 1242 2491 —
1276 2465 1298 2498 7
1321 2465 1396 2499 τῶν
1417 2464 1509 2510 νοή-

62 2516 155 2542 &cmv
175 2519 209 2540 n.
234 2526 279 2533 —
303 2503 391 2542 ὅσον
412 2519 450 2552 p.
473 2527 519 2533 --
542 2504 630 2542 ὅσον
653 2508 775 2543 αἴτιον
797 2509 839 2543 τὸ
865 2510 987 2545 αἴτιον
1008 2513 1060 2554 A,
1085 2523 1126 2555 pr
1151 2511 1217 2553 Bd,
1243 2510 1316 2543 fort
1340 2523 1382 2555 pr
1403 2523 1439 2544 u.
1464 2531 1509 2538 —

64 2549 196 2598 ἑτέρων
221 2553 270 2587 Μ.
293 2572 338 2579 -
371 2551 412 2587 τὸ
439 2553 562 2588 αἴτιον
587 2566 644 2588 om
672 2555 719 2588 M.
753 2573 799 2581 —
832 2555 852 2588 9
878 2554 919 2591 τὸ
945 2569 987 2597 pr
1013 2558 1055 2590 B.
1088 2575 1134 2582 -
1172 2558 1213 2590 10
1238 2552 1509 2592 ἀποδεικτικῶν

64 2597 264 2643 ABDcdup.
286 2617 331 2624 -
354 2599 390 2633 εἰ
410 2611 489 2632 corr
510 2612 544 2635 n.
569 2619 614 2626 —
637 2613 679 2644 pr
701 2599 743 2634 τὸ
767 2613 823 2634 om
846 2613 904 2646 up.
930 2622 970 2627 —
1000 2603 1040 2637 13
1063 2603 1106 2636 τὸ
1131 2615 1174 2646 pr
1199 2603 1240 2637 B.
1265 2621 1312 2627 --
1339 2604 1380 2637 14
1403 2601 1508 2647 ἔχον-

65 2654 124 2682 τες
145 2654 202 2677 om
227 2644 260 2678 d.
285 2663 327 2669 —
350 2640 467 2680 ὕαλον
488 2657 532 2687 n,
554 2644 685 2680 ὕελλον
710 2647 759 2680 Μ.
791 2664 836 2674 ·-
872 2649 914 2682 15
940 2648 1019 2689 εἴην
1043 2649 1129 2689 dM,
1154 2660 1196 2692 pr
1215 2649 1296 2689 AB,
1323 2648 1381 2692 εἴη
1404 2661 1438 2683 ιι.
1462 2669 1509 2676 -

65 2689 111 2723 16
132 2689 230 2724 καίει
252 2701 330 2723 corr
341 2691 445 2731 RDc,
477 2691 542 2726 καὶ
565 2691 624 2727 αἐὶ
648 2705 690 2736 pr
705 2693 756 2734 D,
789 2692 853 2727 καὶ
877 2694 913 2728 εἰ
932 2695 1020 2735 πΜ,
1046 2706 1087 2736 pr
1111 2693 1146 2734 d,
1168 2692 1231 2727 καὶ
1246 2695 1297 2734 A,
1319 2695 1394 2728 fort
1407 2708 1449 2740 pr
1463 2696 1506 2729 Β.

63 2751 109 2760 —-
141 2732 204 2779 τὰ]
228 2734 292 2769 διὰ
314 2733 356 2770 τὸ
379 2737 488 2781 npsM
509 2745 545 2770 et
568 2749 585 2771 c
608 2739 667 2782 qui
693 2735 757 2772 διὰ
782 2751 871 2772 corr.
902 2757 946 2764 —
978 2741 1021 2773 17
1046 2738 1106 2773 ἐπὶ
1129 2751 1186 2772 om
1209 2751 1242 2772 n.
1268 2758 1312 2766 —
1339 2741 1382 2775 18
1410 2738 1508 2776 εἶναι

65 2790 121 2812 om
144 2779 177 2813 d.
209 2797 255 2806 —
285 2781 331 2814 20
352 2782 530 2826 λογισμῶν
554 2786 594 2817 A.
626 2801 667 2809 —
699 2780 771 2819 κᾶν
792 2796 836 2827 u,
869 2797 949 2819 corr
975 2786 1045 2818 AB.
1080 2804 1126 2810 —
1158 2783 1245 2830 γὰρ]
1277 2783 1349 2834 γὰρ
1382 2787 1419 2823 εἰ
1447 2799 1506 2833 up,

65 2837 121 2858 om
147 2826 191 2859 D.
214 2845 260 2851 —
282 2827 324 2860 21
349 2828 487 2872 γίνεται
514 2830 601 2874 an.
