1786 3068
346 242 400 280 38
854 242 1245 276 ΑΝΑΛΤΤΙΚΩΝ

348 338 564 384 δεικνύναι
584 337 811 399 λεγομένης
838 338 912 382 καὶ
928 341 1015 405 τῆς
1038 338 1097 395 εἰς
1125 336 1175 384 τὸ
1196 336 1414 384 ἀδύνατον
1435 337 1629 402 οῗγούσης
1648 339 1758 386 ἄπο-

347 403 527 460 δείξεως.
588 407 760 463 πρῶτον
782 404 858 462 μὲν
887 405 971 450 οὐν
997 403 1328 464 ἐπισκεψώμεθα
1348 405 1443 463 περὶ
1461 409 1539 466 τῆς
1561 406 1762 453 καθόλου

346 472 420 516 καὶ
451 475 529 532 τῆς
561 467 668 514 κατὰ
701 469 850 527 μέρος·
889 469 1160 554 δηλώσαντες
1189 472 1235 517 δε
1265 474 1417 527 τοῦτο,
1451 472 1524 516 καὶ
1557 474 1652 530 περὶ
1683 477 1761 534 τῆς

349 536 565 582 δεικνύναι
585 535 812 616 λεγομένης
831 536 903 581 καὶ
924 540 1005 598 τῆς
1026 538 1085 594 εἰς
1103 535 1153 582 τὸ
1180 535 1396 583 ἀδύνατον
1415 537 1605 596 εἴπωμεν.

297 620 332 648 zo
448 600 599 655 Λόξειε
633 601 710 659 μὲν
741 594 824 647 οὖν
855 600 944 662 τάχ’
977 601 1031 647 ἅν
1061 616 1172 649 τισιν
1204 601 1282 648 ὡδὶ
1315 607 1557 649 σκοποῦσιν
1589 602 1618 666 ἡ
1651 601 1761 650 κατὰ

346 666 476 725 μέρος
516 662 621 711 εἶναι
652 668 838 725 βελτίων.
898 670 935 714 εἰ
966 666 1046 729 γὰρ
1079 667 1181 715 καθ’
1213 666 1272 731 ἣν
1304 672 1466 728 μᾶλλον
1499 669 1761 729 ἐπισταμεθα

348 730 565 786 οἷπόδειξιν
582 733 764 814 βελτίων
799 732 1013 791 ἀπόδειξις
1034 733 1171 797 (αὕτη
1197 734 1279 795 γὰρ
1306 733 1433 797 ἄρετη
1467 733 1759 797 α’ποδείξεως),

345 801 513 856 μᾶλλον
556 796 594 844 δ’
627 798 890 858 ἐπισταμεθα
921 801 1122 855 ἕκαστον,
1169 799 1272 847 ὅταν
1305 800 1416 847 αὐτὸ
1452 803 1630 861 εἰδωμεν
1660 800 1760 848 καθ’

348 861 512 909 αὐτὸἫ
482 883 510 926 η
533 861 637 910 ὅταν
657 864 747 910 κατ’
765 864 892 922 αλλο,
927 863 1020 912 οἷον
1051 866 1126 913 τὸν
1143 866 1356 927 μουσικὸν
1378 869 1622 926 Κορίσκον,
1657 866 1762 914 ὅταν

296 948 329 975 2⁵
347 927 414 975 ὅτι
441 927 466 975 ὁ
488 932 709 990 Κορίσκος
736 930 952 990 μουσικὸς
979 930 1008 994 ἢ
1039 931 1140 979 ὅταν
1171 931 1235 979 ότι
1260 931 1496 992 ἄνθρωπος
1521 934 1758 992 μουσικός·

345 994 503 1055 ὁμοίως
523 998 568 1042 δε
599 998 673 1042 καὶ
695 997 761 1043 ἐπὶ
778 1002 867 1044 τῶν
892 996 1052 1044 ἄλλων·
1086 997 1115 1060 ἡ
1138 1000 1184 1044 δε
1204 997 1443 1045 καθόλου”
1426 997 1490 1045 ότι
1512 998 1567 1044 οἷλ
1569 1003 1643 1054 λο
1677 998 1761 1059 οὐχ

345 1059 410 1108 ὅτι
422 1060 531 1108 αυτό
555 1063 780 1125 τετύχηκεν
798 1065 1095 1119 ἐπιδείκνυσιν,
1117 1062 1210 1110 οἷον
1231 1063 1291 1110 ὅτι
1315 1063 1363 1110 τὸ
1378 1066 1592 1121 ἰσοσκελες
1601 1063 1683 1125 οὐχ
1696 1064 1761 1111 ὅτι

346 1128 562 1185 ἰσοσκελες
588 1127 681 1174 ἄλλ’
703 1127 768 1176 ὅτι
792 1131 1021 1190 τρί,γωνον
1055 1129 1084 1192 ἡ
1113 1132 1159 1176 δε
1185 1129 1292 1176 κατὰ
1313 1128 1498 1188 μέρος
1470 1148 1536 1177 οτι
1560 1130 1691 1177 αὐτό
1725 1150 1761 1177 ει

345 1192 401 1258 δὴ
433 1196 607 1254 βελτίων
638 1196 715 1254 μὲν
745 1194 775 1258 ἡ
805 1195 909 1241 καθ’
943 1195 1063 1251 αὑτό,
1096 1196 1276 1258 τοιαύτη
1297 1195 1335 1241 δ’
1354 1195 1385 1258 ἡ
1406 1195 1514 1241 κατὰ
1537 1198 1664 1256 μέρος
1682 1201 1761 1258 τῆς

294 1260 547 1307 εοκαθόλου
575 1264 751 1320 μᾶλλον,
785 1263 857 1306 καὶ
888 1263 1060 1320 βελτίων
1094 1259 1147 1306 ἂν
1182 1260 1210 1324 ἡ
1243 1260 1351 1306 κατὰ
1375 1262 1515 1343 ιιέρος
1548 1261 1762 1320 αποδειξις

345 1327 422 1388 εἴη.
477 1327 533 1372 ε’τι
563 1328 600 1372 εἰ
625 1325 676 1372 τό
696 1345 772 1386 μεν
792 1327 996 1374 καθόλου
1014 1330 1073 1387 μή
1099 1328 1187 1373 ἐστί
1207 1346 1246 1373 τι
1271 1325 1387 1385 παρὰ
1407 1326 1457 1373 τὰ
1478 1327 1580 1374 καθ’
1595 1329 1760 1385 ἕκαστα,

345 1390 375 1454 ἡ
401 1390 438 1439 δ’
461 1391 679 1449 απόδειξις
708 1391 838 1448 δόξαν
871 1394 1033 1453 ἐμποιεῖ
1058 1389 1166 1439 εἷναί
1190 1412 1230 1439 τι
1248 1398 1381 1439 τοῦτο
1409 1392 1512 1439 καθ’
1540 1392 1564 1440 6
1585 1393 1759 1441 ἀποδεί-

344 1470 496 1515 κνυσι,
540 1461 614 1504 καί
633 1477 728 1504 τινα
755 1459 894 1519 φύσιν
913 1458 1122 1519 ὑπάρχειν
1142 1460 1187 1506 ἐν
1209 1465 1302 1515 τοῖς
1324 1452 1426 1505 οὖσι
1447 1459 1628 1522 ταύτην,
1671 1459 1763 1507 οἷον

344 1524 557 1586 τριγώνου
599 1523 716 1582 παρὰ
759 1524 810 1571 τὰ
844 1524 936 1572 τινὰ
970 1529 1042 1572 καὶ
1076 1525 1290 1588 σχήματος
1332 1523 1447 1584 παρα
1479 1524 1530 1571 τὰ
1563 1525 1657 1572 τινὰ
1690 1529 1762 1573 καὶ

295 1610 330 1637 35
346 1589 543 1650 ιῖριθμοῦ
575 1589 692 1650 παρὰ
724 1589 833 1647 τούς
863 1591 982 1648 τινας
1005 1591 1236 1651 ιέριθμούς,
1269 1593 1464 1671 βελτίων
1464 1590 1500 1636 δ’
1524 1590 1551 1652 ἡ
1572 1594 1667 1651 περὶ
1687 1591 1761 1638 ὅν-

343 1675 420 1714 τος
451 1655 484 1720 ἢ
515 1655 575 1719 μὴ
607 1656 732 1713 ὄντος
763 1659 836 1703 καὶ
860 1656 914 1704 δι’
935 1657 990 1720 ἣν
1012 1677 1071 1720 μη
1102 1656 1423 1720 απατηθήσεται
1445 1654 1474 1718 ἢ
1497 1656 1551 1702 δι’
1576 1656 1643 1720 ἥν,
1678 1659 1763 1705 ε’στι

344 1721 384 1769 δ’
406 1721 435 1785 ἡ
453 1742 529 1783 μεν
550 1724 751 1769 καθόλου
769 1723 947 1786 τοιαύτη
963 1724 1206 1784 (προιόντες
1216 1722 1296 1783 γὰρ
1311 1723 1600 1775 δεικνύουσιν
1621 1721 1763 1808 ω’σπερ

344 1790 442 1847 περὶ
463 1808 544 1836 του
573 1787 655 1835 ανοὶ
675 1789 827 1850 λόγον,
863 1788 958 1836 οἷον
987 1789 1050 1836 ὅτι
1073 1787 1099 1835 6
1126 1788 1179 1835 α“ν
1196 1785 1225 1850 ᾗ
1247 1808 1285 1835 τι
1311 1807 1516 1835 τοιουτου
1537 1791 1652 1835 ε’σται
1680 1789 1763 1837 α’νά

346 1854 500 1916 λόγον,
537 1852 565 1901 6
588 1854 690 1902 οὔτε
713 1874 884 1918 γραμμη
913 1854 1005 1902 ουτ’
1024 1853 1218 1923 ἄριθμὸς
1237 1854 1296 1901 oi'
1297 1874 1338 1901 τε
1360 1854 1534 1913 στερεὸν
1557 1854 1649 1902 οὐτ’
1671 1858 1763 1903 ἐπί-

305 1925 500 1979 ὺπεδον,
536 1919 645 1967 αλλὰ
678 1921 793 1980 παρὰ
828 1921 961 1968 ταῦτά
993 1922 1053 1985 τι)
1091 1923 1128 1967 εἰ
1161 1923 1243 1968 οὐν
1276 1921 1480 1967 καθόλου
1504 1940 1579 1981 μεν
1601 1927 1765 1980 μᾶλλον

345 1985 472 2049 αὕτη,
506 1989 603 2046 περὶ
630 1986 753 2043 ὄντος
777 1986 814 2034 δ’
835 1981 961 2051 ἧττον
979 1993 1058 2050 τῆς
1079 1986 1187 2033 κατὰ
1213 1988 1344 2047 μέρος
1362 1990 1434 2033 καὶ
1456 1988 1618 2047 έιιποιεῖ
1635 1988 1765 2045 δόξαν

343 2057 504 2115 ψευδη,
538 2054 687 2113 χείρων
709 2072 762 2098 av
780 2056 846 2115 ειη
865 2053 894 2116 ἠ
915 2055 1121 2100 καθόλου
1139 2073 1216 2116 της
1235 2052 1342 2100 κατὰ
1361 2054 1502 2113 μέρος.

432 2117 500 2165 ”H
510 2123 682 2178 πρῶτον
702 2137 778 2178 μεν
798 2118 930 2165 ου’δεν
946 2123 1111 2179 μαλλον
1132 2121 1198 2165 ἐπὶ
1211 2138 1292 2166 του
1276 2117 1545 2166 καθόλου”
1523 2139 1550 2181 η
1563 2124 1644 2166 τοῦ
1655 2118 1762 2167 κατὰ

311 2205 328 2232 5
344 2186 474 2254 μέρος
502 2183 651 2244 α’τερος
670 2185 799 2246 λόγος
818 2186 955 2240 ἑστίν;
988 2187 1025 2232 εἰ
1055 2184 1136 2247 γὰρ
1164 2183 1215 2231 τὸ
1236 2187 1364 2232 δυσὶν
1395 2184 1552 2244 ὀρθαῖς
1579 2185 1765 2245 ὐπαρχει

344 2250 403 2314 μή
431 2253 460 2312 ᾗ
481 2253 699 2309 ἰσοσκελες
717 2250 810 2297 αλλ’
838 2246 868 2312 ᾖ
890 2253 1118 2313 τρίγωνον,
1163 2250 1190 2298 ὁ
1217 2249 1387 2308 εἰδώς“”’
1361 2270 1426 2298 οτι
1447 2248 1714 2309 ἰσοσκελες
1684 2271 1763 2315 ητ-

436 2401 475 2433 17
501 2398 776 2442 ἐπισκεψόμεθα
798 2411 830 2432 π.
855 2417 897 2424 -
923 2400 968 2432 90
991 2392 1019 2444 ᾦ
1043 2400 1100 2433 δεῖ
1124 2400 1172 2432 Μ.
1196 2418 1240 2424 -
1262 2395 1287 2440 ἢ
1310 2400 1341 2432 ἀ.
1367 2418 1408 2424 -
1433 2401 1470 2432 21
1500 2400 1646 2442 βελτίων
1670 2395 1786 2438 offnd-

343 2445 463 2486 δειξις.
497 2446 532 2479 εἰ
556 2447 595 2478 D.
619 2463 662 2470 —
686 2443 839 2486 μάλιστα
867 2445 905 2476 D.
930 2462 974 2467 —
996 2446 1040 2477 22
1056 2442 1243 2484 απόδειξιν
1266 2456 1318 2476 om
1340 2446 1380 2477 D.
1405 2463 1449 2468 —
1472 2442 1660 2486 ἀπόδειξις
1684 2446 1763 2486 βελ-

343 2491 430 2523 τίων
458 2492 496 2523 D.
520 2508 561 2514 —
586 2490 629 2522 23
655 2489 786 2530 ἴδωμεν
814 2488 917 2521 AMd.
943 2506 983 2513 —-
1007 2489 1050 2521 25
1075 2501 1115 2532 pr
1138 2485 1195 2522 ὅτι
1220 2500 1274 2521 om
1297 2501 1329 2521 n.
1357 2507 1399 2512 ——
1421 2490 1463 2522 26
1469 2489 1544 2543 δε]
1573 2491 1628 2524 δεῖ
1650 2491 1697 2523 Μ
1720 2510 1764 2516 -

342 2536 386 2567 26
410 2543 444 2566 et
469 2535 511 2567 28
538 2532 573 2578 ἦ]
600 2534 634 2568 εἰ
656 2535 720 2566 AB
727 2534 796 2566 Md.
821 2551 862 2557 —
888 2531 973 2566 ἄλλο
997 2529 1070 2566 ἀλλ’
1075 2501 1160 2576 Ροὐχ
1176 2535 1209 2575 f.
1235 2552 1278 2557 ——
1300 2534 1342 2566 97
1367 2530 1431 2576 οὐχ
1456 2530 1512 2568 ὅτι
1537 2532 1713 2572 ἰσοσκελες
1726 2546 1764 2568 ro

343 2591 397 2620 mg
421 2591 453 2612 π.
484 2599 529 2603 -
559 2580 603 2611 29
627 2577 665 2612 δε
691 2579 740 2611 Μ.
767 2596 808 2603 -
841 2575 980 2619 βέλτιον
1004 2590 1042 2621 pr
1066 2589 1098 2610 n.
1133 2597 1173 2602 —-
1209 2590 1229 2618 η
1257 2577 1295 2611 δε
1320 2577 1414 2612 κατὰ
1438 2591 1478 2620 pr
1500 2591 1533 2612 n.
1563 2598 1600 2604 —
1637 2580 1719 2621 τῆς.

342 2622 452 2678 μέρος
471 2635 526 2656 om
551 2625 601 2657 M.
624 2642 667 2650 —-
690 2623 730 2656 31
755 2621 805 2657 ἔτι
829 2620 862 2655 δ’
885 2623 919 2656 εἰ
939 2634 971 2654 π.
996 2640 1040 2648 —-
1063 2623 1105 2656 32
1128 2622 1274 2656 τοιοῦτο
1298 2623 1331 2655 d.
1354 2643 1396 2648 —
1421 2625 1463 2656 33
1487 2622 1766 2679 Wlfflstm'hfl*

343 2668 387 2702 34
410 2668 456 2702 τοὶ
481 2669 531 2700 bis
556 2680 610 2700 om
632 2680 665 2701 n.
696 2686 732 2692 --
758 2667 800 2700 38
823 2665 863 2700 τὸ
889 2663 961 2700 οἷνὰ
985 2679 1025 2710 pr
1046 2679 1080 2700 π.
1105 2686 1148 2692 -
1170 2665 1290 2701 οἷον..
1302 2667 1428 2710 .λόγον
1452 2681 1507 2701 om
1532 2670 1580 2702 M.
1605 2687 1648 2694 —
1673 2681 1691 2702 ο
1708 2679 1764 2701 om

348 2713 409 2745 Du.
435 2707 972 2765 —uomfi—8960mn.

429 2756 519 2790 85122
542 2759 603 2791 καὶ
627 2757 661 2792 εἰ
681 2759 781 2791 ποιεῖ
800 2769 834 2791 n.
847 2776 888 2781 —
912 2757 931 2788 3
949 2752 970 2799 ἡ
992 2767 1046 2788 om
1065 2756 1102 2789 A.
1114 2774 1160 2782 —
1181 2756 1203 2789 4
1221 2752 1321 2810 ουδετ
1329 2757 1366 2802 A,
1392 2753 1560 2798 οὐθενὶ),
1579 2753 1657 2792 οὐδ’
1669 2752 1773 2791 oevd.

343 2784 1478 2846 --5άτεροςρτοηιη.-6ᾔρι·οαιη.-αΙῑῇοοπη,
1772 2849 1775 2873 1

1767 2876 1775 2933 ΓΙ
