1812 3068
305 213 384 252 158
849 214 1122 249 ΊῸΠΙΚΩΝ
1151 217 1193 250 Ε.

305 311 418 357 ἐστιν
450 311 526 356 εἶ’
512 311 570 356 ε’τι
588 308 794 368 ὑπάρχει,
831 307 901 354 διὰ
916 308 969 357 ,τὰ
989 314 1042 371 τῇ
1060 311 1264 374 αἰσθήσει
1284 310 1419 370 μόνον
1435 313 1732 372 γνωρίζεσθαι.

305 378 420 423 ἔσται
446 375 484 422 δ’
511 375 673 446 ἄληθες
703 379 834 420 τοῦτο
865 376 932 422 ἐπὶ
955 381 1040 422 τῶν
1068 375 1127 458 μὴ
1149 377 1203 432 ἐξ
1226 376 1414 439 ανάγκης
1442 376 1507 423 αεὶ
1534 393 1733 437 παρακο-

254 461 289 488 2⁵
305 442 605 489 λουθούντων.
625 442 814 486 οἱονέπεὶ
825 439 1044 502 ὀθέμενος
1056 441 1193 504 ἡλίου
1205 442 1344 490 ἴδιον’
1325 442 1486 503 οἶστρον
1495 444 1734 504 φερόμενον

303 507 417 567 ὑπὲρ
448 512 528 569 γῆς
554 505 603 552 τὸ
631 506 931 566 λαμπρότατον
961 508 1145 574 τοιούτῳ
1175 510 1376 572 κέχρηται
1407 510 1451 556 ἐν
1480 515 1539 555 τῶ
1560 512 1653 592 ἰδίῳ
1671 515 1735 575 τῷ

303 573 415 633 ὑπὲρ
443 578 525 634 γῆς
554 573 793 633 φέρεσθαι,
830 572 856 620 ὃ
876 578 929 634 τῇ
949 576 1152 637 αἰσθήσει
1179 578 1435 637 γνωρίζεται,
1489 594 1575 622 ουκ
1599 574 1652 622 ὂῖν
1670 579 1704 623 εἰ
1703 580 1735 640 ἠ

256 698 258 701 η
301 644 444 695 καλῶς
471 638 520 685 τὸ
542 643 625 684 τοῦ
645 637 777 700 ἡλιου
799 638 1118 701 ἀποδεδομένον
1146 643 1276 688 ἴδιον·
1321 641 1486 704 ἄδηλον
1503 661 1583 703 γαρ
1606 643 1734 699 ἔσται,

304 704 408 751 ὅταν
428 705 517 765 δύῃ
536 703 561 750 ὁ
583 702 731 767 ἥλιος,
775 706 812 752 εἰ
838 707 1014 767 φέρεται
1037 706 1150 768 ὑπὲρ
1173 712 1276 770 γῆς,
1312 707 1381 754 διὰ
1404 707 1453 754 τὸ
1473 708 1551 771 τὴν
1574 710 1735 772 αἶ’σθη-
1795 736 1797 738 -

252 787 286 814 80
303 783 373 817 σιν
406 771 499 817 τότε
534 770 782 818 οἷπολείπειν
816 771 939 832 ὴιιᾶς.
983 774 1360 831 κατασκευάζοντα
1393 773 1431 820 δ’
1463 776 1501 820 εἰ
1531 792 1736 822 τοιουτον

302 836 547 883 ἀποδέδωκε
566 835 615 883 τὸ
637 839 770 894 ἴδιον,
806 837 831 883 6
857 859 916 901 μη
935 844 988 899 τῇ
1008 839 1209 899 αἰσθήσει
1228 840 1419 901 φανερόν
1441 839 1598 887 ἐστιν
1571 861 1596 903 η
1620 839 1645 886 6
1666 842 1734 887 αἰ-

300 901 517 966 σθητὸν
491 922 543 949 ον
562 902 649 958 ἐξ’
623 904 810 966 ανάγκης
831 904 1033 965 ὑπάρχον
1050 905 1188 968 δῆλον
1210 907 1344 952 ἐστιν·
1388 907 1502 952 ἔσται
1523 906 1605 967 γὰρ
1625 925 1732 953 κατα

298 974 433 1016 τοῦτο
452 974 594 1026 καλῶς
612 972 806 1029 κείμενον
822 970 871 1017 τὸ
886 973 1007 1017 ἴδιον.
1044 977 1139 1018 οἱον
1149 971 1269 1018 ἐπεὶ
1248 991 1273 1018 ο
1284 973 1469 1031 θέμενος
1486 973 1734 1033 ἐπιφανείας

299 1033 453 1082 ἴδιον
441 1034 465 1082 6
493 1040 663 1095 πρῶτον
702 1037 940 1096 κέχρωσται
971 1039 1170 1102 αἰσθητῷ
1199 1038 1274 1097 μέν
1303 1056 1388 1083 τινι
1419 1039 1734 1101 προσκέχρηται

248 1122 283 1149 35
298 1120 357 1167 τῳ
340 1106 628 1162 κεχρῶσθαι,
648 1102 834 1167 τοιούτῳ
857 1103 894 1149 δ’
915 1101 941 1149 ὂ
962 1103 1154 1164 φανερόν
1168 1103 1319 1150 ἐστιν
1294 1103 1579 1164 υπαρχονιῖεί,
1600 1107 1666 1168 εἴη
1679 1123 1734 1151 αν

299 1187 406 1214 κατα
425 1172 556 1214 τοῦτο
574 1172 717 1225 καλῶς
735 1151 1055 1229 αποδεδομένον
1072 1169 1122 1216 τὸ
1140 1175 1218 1232 τῆς
1239 1171 1487 1231 ἐπιφανείας
1512 1173 1634 1217 ἴδιον.

385 1232 547 1280 ’'Errat''
580 1233 929 1319 ανασκευαζοντα
962 1254 1040 1295 μεν
1073 1238 1111 1282 εἰ
1141 1235 1221 1282 τὸν
1255 1234 1361 1295 όρον
1395 1255 1454 1292 ως
1488 1238 1600 1283 ι’διον
1620 1235 1732 1282 απο-

295 1299 499 1346 δέδωκεν
535 1299 593 1346 οὐ
625 1299 706 1366 γὰρ
740 1301 855 1348 ἔσται
872 1306 1014 1358 καλῶς
1035 1303 1229 1361 κείμενον
1248 1300 1297 1348 τὸ
1323 1304 1456 1348 ἴδιον·
1491 1301 1549 1348 οὐ
1569 1321 1649 1364 γαρ
1669 1305 1737 1349 δεῖ

169 1379 280 1423 μ.132
296 1369 465 1428 δηλοῦν
483 1364 534 1412 τὸ
558 1367 600 1412 τί
621 1367 676 1427 ἡν
697 1363 803 1413 εἶναι
826 1366 876 1414 τὸ
897 1370 1021 1414 ἴδιον.
1075 1373 1169 1414 οἱον
1192 1366 1325 1414 ἐπεὶ
1303 1387 1328 1414 ο
1350 1370 1470 1424 εἴπας
1491 1367 1733 1428 ανθρωπου

296 1434 407 1478 ιδιον
438 1436 552 1497 ζῶον
580 1431 711 1490 πεζὸν
731 1435 891 1480 δίπουν
921 1432 971 1479 τὸ
989 1435 1031 1479 τί
1049 1426 1104 1495 ἧν
1124 1431 1232 1481 εἶναι
1252 1440 1464 1496 σηιιαΐνον
1485 1434 1732 1481 ἀποδέδωκε

292 1502 376 1544 τοῦ
395 1497 638 1558 ανθρώπου
660 1501 784 1556 ἴδιον,
805 1499 892 1546 οὐκ
913 1497 968 1545 ἂν
979 1502 1044 1562 εἰη
1056 1498 1105 1546 τὸ
1115 1519 1196 1547 του
1178 1499 1453 1559 ανθρώπου
1465 1502 1577 1547 ἴδιον
1586 1504 1732 1557 καλῶς

294 1563 626 1624 ἀποδεδομένον.
662 1566 1040 1623 κατασκευαζοντα
1051 1567 1097 1612 δε
1111 1568 1147 1612 εἰ
1167 1565 1637 1629 ἆντικατηγορούμενον
1654 1568 1732 1626 μεν

258 1647 277 1675 5
293 1628 541 1676 οἷποδέδωκε
559 1629 609 1676 τὸ
629 1632 763 1687 ἴδιον,
797 1630 857 1693 μὴ
877 1631 927 1678 τὸ
951 1633 993 1678 τί
1010 1633 1068 1692 ἦν
1089 1629 1196 1678 εἶναι
1216 1634 1262 1678 δε
1283 1635 1463 1695 δηλοῦν.
1512 1634 1628 1678 ε’σται
1646 1650 1731 1694 γαρ

291 1713 400 1741 κατα
428 1701 562 1742 τοῦτο
592 1700 738 1752 καλῶς
768 1695 1089 1779 αποδεδομένον
1116 1697 1166 1742 τὸ
1196 1700 1318 1743 ἴδιον.
1367 1696 1464 1743 οἷον
1484 1697 1614 1744 ἐπεὶ
1592 1717 1617 1744 ο
1635 1700 1732 1754 θεὶς

291 1760 538 1820 ανθρώπου
559 1763 672 1807 ι’διον
695 1760 861 1826 ζῶον“
832 1780 993 1824 ημερον
998 1761 1152 1830 φύσει
1171 1761 1732 1824 αντικατηγορούμενονμὲν

291 1826 535 1874 ἀποδέδωκε
553 1826 603 1873 τὸ
624 1829 748 1884 ι’διον,
783 1827 841 1874 οὐ
858 1827 907 1874 τὸ
927 1829 970 1873 τί
985 1830 1041 1890 ἠν
1061 1834 1170 1874 εἰναι
1188 1830 1234 1874 δε
1256 1832 1437 1890 δηλοῦν,
1458 1826 1524 1891 ειη
1548 1827 1601 1876 ἂν
1620 1847 1728 1876 κατα

290 1898 423 1940 τοῦτο
438 1897 584 1950 καλῶς
604 1891 927 1954 αποδεδομενον
944 1892 994 1939 τὸ
1015 1896 1127 1940 ἴδιον
1144 1898 1230 1940 τοῦ
1253 1893 1505 1951 ανθρώπου.

241 1978 276 2008 ιο
379 1958 541 2006 ''Effeci''
570 1958 920 2018 οἷνασκευάζοντα
949 1961 1026 2019 μὲν
1059 1961 1097 2006 εἰ
1121 1958 1181 2022 μὴ
1214 1958 1354 2017 εἰς-τὸ
1383 1961 1426 2006 τί
1451 1961 1565 2006 ἐστιν
1589 1958 1614 2006 ὃ
1633 1961 1730 2017 θεὶς

291 2024 539 2072 ἀποδέδωκε
566 2024 618 2072 τὸ
643 2027 767 2072 ἴδιον.
823 2030 890 2073 δεῖ
919 2024 997 2087 γὰρ
1029 2030 1115 2072 τῶν
1143 2027 1288 2082 ἰδίων,
1321 2026 1522 2084 καθάπερ
1550 2027 1729 2072 καὶτῶν

290 2089 422 2153 ὅρων,
444 2090 495 2138 τὸ
517 2096 692 2154 πρῶτον
715 2091 1012 2139 ἀποδίδοσθαι
1031 2093 1168 2154 γένος,
1190 2091 1325 2139 ἔπειθ’
1342 2090 1482 2150 οὕτως
1494 2091 1581 2156 ἤδη
1589 2103 1728 2153 προσ-

378 2237 422 2269 23
437 2234 522 2294 διὰ]
548 2237 605 2271 δεῖ
630 2237 663 2270 Ρ.
697 2256 739 2262 --
771 2238 830 2283 τῇ]
854 2239 901 2283 τῇ
925 2239 1001 2272 ἰδία
1028 2238 1072 2278 C,
1096 2248 1150 2269 om
1175 2238 1215 2270 A.
1250 2256 1291 2261 —
1323 2234 1416 2280 μόνη
1444 2238 1480 2270 C.
1512 2255 1555 2263 --
1587 2237 1631 2270 24
1654 2235 1727 2270 ἔστι

289 2293 320 2325 q.
345 2298 388 2305 —
423 2279 479 2315 ἀεὶ
504 2293 557 2313 om
582 2293 615 2314 u.
647 2301 692 2307 -
722 2283 783 2323 26,
808 2284 871 2323 27,
876 2251 945 2316 7729
969 2273 1060 2325 υπερ
1086 2283 1202 2325 γῆνῙ.
1234 2300 1278 2306 -—
1309 2282 1352 2314 26
1379 2282 1419 2315 τὸ
1444 2288 1522 2314 ante
1546 2282 1588 2315 25
1613 2279 1727 2324 φερό-

286 2337 398 2379 μενον
420 2326 456 2358 C.
475 2344 517 2349 —
542 2324 579 2358 ἐν
597 2338 650 2357 om
671 2327 732 2358 Ριι.
753 2345 795 2352 —
819 2325 857 2360 ἐν
876 2329 926 2372 τῷ
945 2340 999 2360 om
1022 2328 1056 2359 C.
1074 2345 1120 2350 —
1143 2327 1191 2358 alt
1213 2327 1278 2371 τῷ]
1298 2325 1339 2359 τὰ
1357 2327 1392 2358 Ρ.
1422 2344 1464 2351 -
1487 2327 1530 2358 27
1548 2325 1614 2369 ‹pt-‘Q
1596 2327 1726 2379 ρεσθαι

287 2381 378 2414 υπερ
402 2369 467 2412 γῆς
483 2370 516 2403 G
541 2386 588 2395 ·-·
610 2371 654 2404 28
678 2361 949 2415 ἀποδεδομένον
973 2371 1014 2405 τὸ
1039 2371 1107 2404 τοῦ
1130 2367 1242 2412 ἡλίου·
1258 2382 1290 2402 u.
1318 2389 1358 2395 —
1383 2369 1457 2403 ἐστι
1481 2382 1568 2413 q.—-
1591 2366 1633 2402 29
1648 2367 1722 2403 υπὸ

287 2427 329 2458 pr
351 2426 384 2446 u.
415 2433 460 2439 —-
494 2415 536 2447 32
562 2410 619 2455 ον]
653 2413 750 2448 ἐστιν
774 2428 803 2459 q.
837 2434 882 2442 -
915 2418 1032 2455 καλῶς
1055 2414 1149 2448 κατὰ
1174 2415 1281 2448 τοῦτο
1310 2415 1347 2447 C.
1378 2432 1422 2438 -·
1456 2415 1498 2446 33
1522 2412 1603 2453 θεὶς
1627 2426 1658 2457 q.
1680 2432 1726 2438 —

288 2460 330 2491 34
354 2457 396 2492 τὸ
420 2459 565 2514 πρῶτον
587 2460 796 2503 κεχρωσθαι
816 2461 851 2494 C.
871 2480 906 2485 ·-
934 2460 1101 2506 κέχρηται
1125 2471 1155 2503 q.
1169 2480 1212 2486 —
1235 2460 1278 2491 35
1302 2454 1348 2492 ὂὶν
1365 2470 1408 2502 pr
1421 2470 1520 2491 omn.
1536 2477 1580 2484 —-
1604 2459 1646 2492 36
1661 2470 1725 2493 κα-

287 2503 358 2542 λως
379 2503 472 2536 κατὰ
497 2503 606 2537 τοῦτο
630 2516 662 2536 ιι.

377 2547 485 2581 13:2³3
516 2548 584 2582 τοῦ
608 2560 663 2580 om
687 2560 721 2580 u.
754 2567 795 2573 —
827 2545 868 2582 τὸ
894 2560 949 2581 orn
978 2548 1037 2581 Pu.
1069 2565 1114 2572 -—
1147 2542 1349 2600 ἄνθρωπον
1380 2545 1421 2580 τὸ
1457 2545 1554 2580 ιδιον
1577 2546 1647 2579 Ac.
1679 2563 1723 2572 —

286 2592 307 2623 5
332 2587 497 2626 ἀπέδωκε
519 2594 592 2627 AB.
626 2611 669 2618 —
704 2586 751 2635 ἦν
775 2604 829 2625 om
859 2594 895 2625 C.
927 2611 971 2618 -
1003 2594 1023 2626 7
1047 2592 1144 2626 ἴδιον
1177 2589 1217 2624 τὸ
1243 2591 1386 2645 ζῷονῙ.
1420 2611 1461 2616 -
1500 2591 1604 2638 ζῷον]
1630 2590 1723 2636 ζῷον

287 2633 483 2680 ἐπιστήμης
508 2635 675 2671 δεκτικὸν
699 2637 750 2676 εἰς
773 2635 813 2671 τὰ
839 2637 874 2671 τί
898 2635 975 2672 ἐστι
995 2636 1077 2675 θεὶς
1100 2624 1310 2669 ἀποδέδωκε
1334 2634 1375 2669 τὸ
1400 2635 1498 2670 ἴδιον
1523 2648 1554 2680 q
1578 2636 1638 2667 sed
1654 2624 1722 2667 del

285 2680 359 2711 vult
384 2693 470 2724 quae
493 2682 571 2714 add.
598 2702 639 2707 —
670 2682 691 2715 8
717 2680 755 2716 δὲ
780 2693 834 2714 om
859 2694 907 2725 σᾳ.
934 2701 974 2706 -
1011 2683 1051 2714 10
1075 2679 1185 2734 ἐστιν]
1207 2674 1260 2733 ἦν
1278 2677 1372 2714 εἶναι
1394 2692 1427 2713 u
1463 2697 1500 2705 —-
1533 2679 1553 2715 ὁ
1578 2691 1633 2712 om
1661 2679 1719 2711 Cu·

285 2725 390 2801 {Pil}
421 2724 585 2761 ἀπέδωκε
611 2727 651 2759 Β.
679 2745 718 2751 -
745 2725 807 2761 καὶ
830 2738 885 2759 om
909 2738 939 2770 q.
965 2745 1007 2751 --
1034 2726 1075 2759 12
1100 2722 1405 2760 οἷποδεδόσθαιθ.
1427 2742 1473 2751 —
1496 2722 1721 2770 προσάπτειν
