1786 3068
294 199 346 237 42
804 201 1198 236 ΑΝΑΛΤΤΙΚΩΝ

245 314 280 341 20
295 300 377 342 τοῦ
399 296 475 355 μὲν
493 299 530 341 Β
556 295 862 358 κατηγορικόν,
895 296 1006 357 πρὸς
1025 300 1070 345 δὲ
1088 297 1138 345 τὸ
1157 303 1194 344 Α
1223 318 1281 356 ως
1300 300 1550 362 στερητικὸν
1566 308 1710 349 κεῖται.

295 359 345 407 τὸ
377 363 454 444 μὲν
486 361 567 422 γὰρ
602 368 643 406 A
675 360 835 419 παντος
866 367 948 410 τοῦ
981 368 1031 421 Β,
1065 363 1115 411 τὸ
1149 366 1195 411 δὲ
1227 370 1263 410 Α
1297 365 1444 412 οὐδενὶ
1474 371 1539 413 δεῖ
1566 373 1650 415 τῶν
1671 375 1712 415 A

296 426 516 487 ὑπάρχειν.
562 429 718 487 γίνεται
737 429 821 474 οὐν
838 430 914 488 μία
934 429 1157 493 στερητική
1179 431 1387 490 πρότασις
1407 431 1455 494 [ἢ
1472 432 1521 479 τὸ
1533 436 1712 497 AA].0

297 492 335 539 6’
357 491 491 549 αὐτὸς
513 493 675 549 τρόπος
695 495 767 539 καὶ
797 495 863 540 ἐπὶ
894 501 979 543 τῶν
1005 497 1155 556 ετέρων
1182 502 1493 558 συλλογισμῶν.
1547 499 1610 546 ἀεὶ
1632 499 1713 561 γὰρ

295 557 347 604 τὸ
381 560 512 618 μέσον
531 562 615 604 τῶν
632 565 927 620 κατηγορικῶν
945 561 1060 623 ὅρων
1078 563 1367 646 κατηγορικὸν
1389 563 1451 610 ἐπ’
1472 564 1712 626 ἀμφότερα·

246 640 280 668 2⁵
296 629 377 670 τοῦ
397 626 441 670 δὲ
458 629 713 685 στερητικοῦ
723 627 789 672 ἐπὶ
802 627 963 688 θάτερα
975 629 1225 691 στερητικὸν
1237 629 1468 691 α’ναγκαῖον
1479 650 1598 687 ειναι,
1609 631 1714 679 ὥστε

297 688 408 751 αὕτη
441 691 516 748 μία
548 690 729 753 τοιαύτη
760 694 916 752 γίνεται
949 695 1177 753 πρότασις,
1223 697 1266 742 αἱ
1299 696 1337 742 6'
1370 695 1497 742 ἄλλαι
1528 715 1713 760 κατηγο*

295 757 425 815 ρικαί.
481 756 517 801 εἰ
545 755 600 818 δη
623 758 947 818 γνωριμώτερον
968 760 1023 807 δι’
1041 765 1099 809 ού
1117 763 1333 808 δείκνυται
1360 765 1433 808 καὶ
1451 763 1713 823 πιστότερον,

294 823 512 867 δείκνυται
533 821 572 868 δ’
592 821 621 884 ἡ
643 843 719 882 μεν
741 825 965 889 στερητικὴ
992 827 1064 873 διὰ
1087 847 1166 890 της
1192 847 1500 891 κατηγορικης,
1537 828 1658 912 6151517³
1668 832 1713 876 δὲ

295 886 350 933 δι’
379 889 541 950 ἐκείνης
574 887 634 934 ου’
665 892 904 948 δείκνυται,
956 895 1143 953 προτέρα
1175 896 1247 940 καὶ
1273 896 1571 955 γνωριμωτέρα
1601 898 1715 943 οὐσα

243 973 278 1000 80
293 955 364 999 καὶ
394 955 624 1014 πιστοτέρα
648 959 821 1016 βελτίων
850 977 903 1004 αν
931 961 1007 1021 ⁸2³2·
1063 961 1122 1006 ε’τι
1161 961 1197 1005 ει’
1227 959 1335 1022 αρχὴ
1356 966 1656 1022 συλλογισμου
1684 961 1713 1024 ἡ

292 1020 496 1066 καθόλου
521 1021 733 1081 πρότασις
765 1022 944 1083 άμεσος,
995 1026 1081 1070 εστι
1109 1023 1148 1071 6
1178 1026 1221 1071 ἐν
1247 1044 1323 1085 μεν
1350 1031 1403 1086 τῇ
1426 1031 1614 1088 δεικτικὴ
1635 1047 1714 1073 κα-

291 1105 507 1149 ταφατικη
541 1089 584 1134 ἐν
616 1090 661 1134 δε
694 1094 747 1148 τῇ
773 1095 998 1152 στερητικῇ
1033 1090 1281 1154 αποφατικη
1315 1090 1344 1153 ἡ
1375 1093 1576 1140 καθόλου
1603 1093 1715 1151 πρό-

291 1165 435 1209 τασις,
487 1152 516 1215 ἡ
562 1156 607 1199 δε
660 1155 931 1218 καταφατική
975 1176 1055 1218 της
1097 1156 1372 1220 α’ποφατικῆς
1413 1160 1602 1219 προτέρα
1643 1162 1716 1206 καὶ

291 1220 612 1303 γνωριμωτέρα·
660 1219 734 1266 δια
786 1221 867 1284 γὰρ
900 1240 978 1284 την
1010 1223 1254 1283 κατάφασιν
1290 1221 1315 1286 ἡ
1353 1223 1573 1283 ἀπόφασις
1606 1225 1715 1286 γνώ-

242 1304 277 1332 ss
294 1304 440 1345 ριιιος,
483 1287 556 1331 καὶ
599 1288 784 1346 προτέρα
827 1307 856 1350 η
899 1287 1164 1349 κατάφασις,
1219 1287 1360 1347 ω’σπερ
1401 1292 1474 1335 καὶ
1514 1290 1565 1336 τὸ
1609 1297 1716 1337 εἰναι

292 1355 373 1397 τοῦ
406 1371 465 1413 μη
504 1348 632 1397 εἶναι·
686 1351 791 1399 ὥστε
831 1356 1003 1413 βελτίων
1031 1353 1062 1416 ἡ
1094 1373 1202 1417 αρχη
1236 1374 1313 1417 της
1343 1355 1602 1418 δεικτικῆς
1582 1356 1611 1418 ἠ’
1640 1362 1717 1419 τῆς

292 1422 564 1479 στερητικῆς·
611 1417 640 1481 ἡ
674 1421 719 1465 δε
758 1422 968 1480 βελτίοσιν
999 1419 1147 1480 αρχαῒς
1185 1422 1379 1504 χρωμένη
1416 1425 1600 1482 βελτίων.
1658 1425 1717 1470 ε’τι

292 1483 633 1544 οἷρχοειδεστέρα·
680 1505 785 1533 ανευ
804 1505 885 1548 γαρ
914 1506 990 1550 της
1009 1487 1297 1549 δεικνυούσης
1318 1487 1403 1533 οὐκ
1425 1490 1538 1535 ε’στιν
1559 1488 1587 1551 ἡ
1620 1501 1715 1536 στε-

292 1569 458 1613 ρηηκη·

183 1639 217 1671 p.
233 1627 276 1660 87
390 1614 506 1662 Ἐπεὶ
540 1614 578 1661 6'
611 1614 640 1678 ἡ
673 1616 936 1700 κατηγορικὴ
971 1622 1048 1680 τῆς
1081 1623 1330 1681 στερητικῆς
1361 1620 1547 1678 βελτίων,
1580 1623 1716 1681 δῆλον

213 1680 320 1729 26’“’
294 1701 360 1729 οτι
387 1684 459 1728 καὶ
491 1701 567 1743 της
596 1685 655 1738 εἰς
673 1683 723 1730 τὸ
753 1683 969 1730 ἀδύνατον
1001 1684 1206 1746 αγούσης.
1261 1689 1328 1730 δεῖ
1353 1683 1391 1730 6'
1421 1686 1576 1731 ειδέναι
1598 1687 1662 1742 τίς
1686 1684 1715 1747 ἡ

294 1747 488 1806 διαφορα
511 1747 666 1794 αὐτῶν.
724 1751 828 1796 ε’στω
858 1748 913 1811 δη
946 1749 995 1795 τὸ
1018 1755 1054 1796 Α
1082 1752 1232 1812 μηδενὶ
1259 1749 1457 1810 ὑπάρχον
1475 1756 1538 1796 τῶ
1554 1755 1610 1806 Β,
1654 1770 1713 1816 τω

294 1816 339 1860 δε
359 1818 402 1859 Γ
423 1813 472 1860 τὸ
493 1818 529 1859 Β
556 1817 701 1861 παντί·
756 1816 919 1878 ἀνάγκη
952 1814 1007 1877 δη
1038 1835 1097 1880 τω
1125 1821 1167 1862 Γ
1190 1818 1338 1878 μηδενὶ
1360 1816 1571 1876 υπάρχειν
1591 1816 1641 1863 τὸ
1665 1822 1714 1863 A.

260 1900 277 1927 5
295 1899 409 1926 ουτω
420 1899 495 1940 μεν
507 1874 589 1927 οὖν
608 1883 865 1943 ληφθέντων
884 1883 1073 1944 δεικτικη
1089 1880 1355 1966 ηστερητικὴ
1362 1902 1415 1928 αν
1425 1902 1489 1944 ειη
1502 1882 1718 1951 ἀπόδειξις

295 1945 364 1993 ὅτι
400 1947 450 1993 τὸ
483 1951 519 1992 A
551 1952 614 1992 τῶ
649 1952 693 1994 Γ
720 1948 823 2030 offan
835 1947 1029 2008 ὑπάρχει.
1081 1968 1109 2009 η
1145 1948 1181 1995 δ’
1215 1950 1274 2004 εἰς
1307 1946 1357 1994 τὸ
1395 1948 1610 1995 αδύνατον
1643 1943 1717 1995 ωδ’

293 2013 387 2072 ε’χει.
446 2014 483 2058 εἰ
514 2014 604 2059 δέοι
635 2013 815 2068 δεῖξαι
797 2013 864 2061 ότι
891 2013 941 2060 τὸ
965 2020 997 2060 Α
1024 2034 1082 2061 τω
1103 2018 1140 2060 Β
1171 2033 1254 2075 ουχ
1282 2013 1490 2076 υπάρχει,
1533 2016 1717 2078 ληπτέον

293 2078 526 2139 ὑπάρχειν,
567 2081 639 2125 καὶ
681 2079 731 2125 τὸ
766 2085 802 2126 Β
833 2086 892 2145 τῷ
928 2085 987 2135 Γ,
1032 2079 1137 2127 ὥστε
1173 2082 1397 2140 συμβαίνει
1429 2080 1479 2126 τὸ
1512 2087 1548 2127 Α
1580 2086 1643 2146 τῷ
1678 2085 1723 2128 Γ

293 2144 516 2205 ὑπάρχειν.
572 2150 703 2192 τοῦτο
733 2146 771 2191 6’
802 2148 905 2192 ε’στω
932 2165 1145 2208 γνωριμον
1170 2148 1241 2192 καὶ
1271 2128 1627 2216 ὁμολογούμενον
1650 2145 1716 2193 ὅτι

246 2234 280 2262 10
305 2211 531 2258 ἅδύνατουν
575 2212 661 2258 οὐκ
691 2210 775 2271 ἄρα
803 2211 898 2258 οἷόν
916 2232 958 2259 τε
978 2211 1028 2258 τὸ
1045 2218 1081 2259 Α
1108 2216 1168 2294 τῷ
1191 2217 1226 2258 Β
1247 2212 1464 2273 ὑπάρχειν.
1510 2215 1546 2259 εἰ
1568 2216 1653 2260 οὐν
1666 2212 1716 2259 τὸ

295 2282 333 2325 Β
352 2283 415 2324 τῶ
435 2281 479 2323 Γ
503 2275 771 2345 ὁμολογεῖται
802 2278 1032 2339 ὑπάρχειν,
1076 2277 1125 2325 τὸ
1146 2284 1181 2325 Α
1203 2283 1265 2344 τῷ
1287 2284 1322 2325 Β
1342 2278 1557 2326 α’δύνατον
1571 2278 1715 2337 υπάρ-

295 2363 395 2405 χειν.
456 2345 498 2390 οἱ
530 2363 605 2401 μεν
638 2347 722 2391 οὐν
752 2343 849 2405 όροι
882 2344 1040 2406 ὁιιοίως
1071 2345 1313 2401 τάττονται,
1359 2346 1555 2406 διαφέρει
1588 2347 1633 2390 δε
1666 2343 1715 2391 τὸ

295 2410 481 2468 ὁποτέρα
501 2407 552 2455 ὂῖν
569 2404 599 2471 ᾖ
616 2413 913 2472 γνωριμωτέρα
930 2410 959 2474 ἡ
981 2410 1188 2472 πρότασις
1207 2410 1235 2473 ἡ
1255 2411 1478 2473 στερητικη
1491 2447 1502 2467 ,
1537 2410 1716 2469 πότερον

384 2498 427 2528 2⁰
454 2508 518 2537 μεν
542 2508 595 2528 om
625 2497 664 2528 D.
688 2515 733 2519 —
765 2508 812 2534 ως
837 2508 891 2528 om
918 2497 982 2528 Dn.
1009 2513 1052 2521 —
1083 2497 1121 2527 21
1152 2492 1279 2528 ου’θειὶ
1307 2497 1348 2528 D.
1380 2513 1424 2520 -
1454 2497 1498 2527 22
1526 2494 1545 2537 ἦ
1571 2507 1648 2527 corr
1673 2496 1713 2527 Β.

294 2560 340 2566 --
369 2542 412 2573 23
446 2538 518 2584 ἀεὶ]
551 2542 609 2575 δεῖ
629 2552 660 2573 n.
693 2559 736 2565 —
769 2542 811 2572 2⁴
840 2541 912 2573 τῶν
935 2553 999 2582 μεν
1022 2540 1266 2595 κατηγορικῶν
1296 2541 1333 2572 D.
1374 2559 1411 2564 —-
1448 2536 1501 2573 ἐπ’
1525 2538 1715 2595 ἀμφότεροι

298 2597 374 2617 corr
396 2597 429 2617 n.
453 2605 497 2610 ——
522 2586 564 2618 <27
590 2597 768 2627 γνωριμον
792 2585 823 2617 d.
858 2605 890 2609 —
918 2584 974 2618 διὸ
991 2586 1086 2618 ΑΒιι.
1112 2603 1156 2610 ·—
1180 2581 1200 2618 ὃ
1215 2585 1362 2628 DMdpf
1386 2597 1489 2627 prcu-
1503 2604 1547 2610 —
1570 2580 1714 2618 290&oe

296 2629 358 2663 καὶ
379 2641 485 2681 γνωρ.
513 2630 545 2663 d.
563 2649 608 2655 —-
631 2632 668 2663 31
697 2627 956 2672 καταφατικὴ.
999 2627 1189 2663 .καθ·ο’λου
1215 2641 1251 2661 rc
1275 2641 1308 2671 u,
1335 2630 1390 2660 ubi
1417 2641 1456 2672 pr
1479 2630 1651 2672 pauciora.
1669 2646 1712 2652 —

297 2675 340 2707 38
364 2674 426 2715 τῆς·
453 2682 487 2706 et
509 2688 530 2714 η
554 2687 608 2707 om
636 2676 676 2708 D.

385 2717 471 2752 87a3
494 2732 614 2764 υπαρχ
596 2731 670 2762 χειν
695 2719 727 2751 d.
753 2737 799 2743 —-
830 2719 849 2751 4
874 2716 918 2757 δὴ
945 2730 998 2750 om
1023 2718 1056 2750 d.
1080 2737 1124 2744 --
1147 2718 1221 2751 τῶν
1244 2718 1412 2761 Acudfnp.
1437 2737 1480 2744 —-
1513 2717 1642 2760 μηθενὶ
1671 2719 1711 2751 D.

298 2781 341 2788 -—
364 2760 516 2808 υπάρχει
543 2764 576 2797 d.
599 2783 644 2790 -—
665 2765 687 2798 5
711 2763 766 2808 εἴη
789 2758 812 2807 ἠ
838 2760 946 2797 οἷπόδ.
972 2775 1004 2796 n.
1031 2781 1070 2787 -
1096 2763 1116 2796 6
1144 2775 1185 2806 pr
1206 2761 1264 2805 τὸ]
1289 2764 1339 2808 τῷ
1364 2764 1412 2796 Μ.
1440 2780 1477 2788 -
1500 2762 1711 2808 8βδὲτῷπ.
