1780 3132
570 208 862 243 ῬΣΤΕΡΩΝ
894 211 933 243 A·
1433 203 1487 243 43

32 307 100 358 ὅτι
129 306 181 356 τὸ
207 313 245 392 A
275 311 336 374 τῷ
366 311 404 354 Β
432 325 518 370 ουχ
548 305 739 369 ὑπάρχει
767 305 799 371 ἢ
828 305 896 354 ὅτι
927 303 978 354 τὸ
1005 309 1043 353 Α
1072 308 1133 372 τῷ
1156 308 1206 351 Γ
1266 301 1372 351 ὅταν
1408 305 1487 365 μὲν

32 370 118 425 οὖν
135 396 165 438 η
185 374 238 423 τό
259 375 548 436 συμπέρασμα
571 375 900 438 γνωριμώτερον
921 373 991 422 ὅτι
1008 371 1094 421 οὐκ
1113 373 1249 429 ἔστιν,
1293 371 1322 436 ἡ
1344 374 1405 431 εἰς
1428 371 1480 419 τὸ
1502 390 1536 417 15

34 444 255 493 ἀδύνατον
283 445 440 506 γίνεται
470 442 713 502 ἀπόδειξις,
758 441 863 490 ὅταν
893 441 932 490 6'
958 441 987 506 ἡ
1024 442 1069 489 ἐν
1094 445 1156 526 τῷ
1183 444 1479 506 συλλογισμῶ,

35 512 65 577 ἡ
87 511 379 575 ἄποδεικτωιή.
432 511 569 572 φυσει
599 513 647 558 δὲ
675 511 864 571 προτέρα
893 509 923 574 ἦ
955 509 1024 558 ὅτι
1063 508 1116 557 τὸ
1140 513 1175 556 A
1205 513 1266 556 τῶ
1286 512 1323 556 Β
1354 507 1387 572 ἢ
1415 508 1483 556 ὅτι

21 579 88 638 ,τὸ
108 585 146 627 Α
167 584 231 645 τῷ
259 583 310 626 Γ.
361 580 553 639 πρότερα
584 579 667 640 γάρ
699 580 787 626 ἐστι
809 583 892 626 τοῦ
915 557 1305 637 συιι-περάσιιατός,
1352 576 1397 634 ἐξ
1422 570 1484 624 ὧν

32 646 86 695 τό
111 647 414 730 σιμπέρασμα.
468 648 556 694 ἔστι
579 649 624 694 δὲ
644 646 694 694 τὸ
717 649 825 715 μὲν
823 652 860 693 A
882 651 945 692 τοῖ
972 650 1017 692 Γ
1039 644 1100 709 μὴ
1124 643 1339 706 ὑπάρχειν
1369 657 1485 705 συμ-

32 715 256 775 πέρασμα,
301 712 352 760 τὸ
383 715 430 761 δὲ
461 719 498 762 Α
529 719 593 780 τῷ
626 719 664 762 Β
697 714 742 771 ἐξ
767 716 826 761 οὐ
855 712 906 761 τὸ
937 716 1242 774 συμπέρασμα.
1312 712 1373 760 013
1401 711 1486 776 γὰρ
1505 731 1540 759 20

34 802 72 830 ει
61 784 310 851 ’συμβαίνει
353 762 633 843 ἀναιρεῖσθαί
649 801 704 839 τι,
725 787 859 830 τοῦτο
880 796 933 829 σι
931 781 1174 842 ιιπέρασμά
1197 782 1325 837 ἐστιν,
1349 782 1489 828 ἐκεῖνα

33 852 81 898 δὲ
115 850 160 906 ἐξ
191 851 264 897 ὡν.
328 847 438 896 ἀλλὰ
484 848 535 896 τὸ
579 853 657 910 μὲν
701 849 746 906 ἐξ
787 870 846 897 ου
881 848 1180 911 συλλογισιιός
1214 849 1330 896 ἐστιν
1373 847 1399 895 ὃ
1435 867 1489 896 αν

34 916 176 976 οὕτως
196 918 270 980 ἔχῃ
297 915 404 964 ὥστε
428 917 460 981 ἢ
482 916 588 964 ολον
618 916 729 978 πρὸς
750 919 882 980 μέρος
902 916 932 981 ἢ
955 918 1086 979 ιιέρος
1107 915 1219 977 πρὸς
1238 914 1388 964 ὅλον”
1365 935 1488 979 εχειν,

36 987 82 1032 αἱ
115 987 162 1033 δε
194 985 245 1032 τὸ
280 988 364 1031 ΑΓ
396 988 469 1032 καὶ
505 989 582 1032 ΑΒ
626 986 859 1045 προτάσεις
892 985 979 1032 οὐκ
1015 987 1192 1047 ἔχουσιν
1224 982 1341 1032 οὕτω
1376 983 1490 1047 πρὸς

37 1051 245 1117 ἀλλήλας.
276 1054 313 1099 εἰ
342 1055 428 1099 οὐν
457 1051 485 1116 ἡ
513 1055 559 1100 ἐκ
576 1055 916 1139 γνωριμωτέρων
935 1054 1010 1099 καὶ
1028 1053 1252 1113 προτέρων
1270 1054 1486 1110 κρείττων,
1505 1070 1542 1098 25

36 1123 118 1168 εἰσὶ
153 1120 192 1167 δ’
227 1119 474 1181 αμφότεραι
508 1122 554 1168 ἐκ
586 1140 670 1167 του
705 1121 765 1184 μὴ
800 1122 911 1169 εἰναί
942 1140 984 1167 τι
1017 1121 1181 1177 πισταί,
1221 1118 1315 1166 ἄλλ’
1347 1119 1376 1183 ἡ
1412 1121 1491 1180 μὲν

35 1189 86 1235 ἐκ
117 1188 336 1248 προτέρου
373 1207 398 1249 η
432 1186 472 1234 6'
506 1187 551 1244 ἐξ
580 1187 797 1247 υστέρου,
830 1190 1010 1248 βελτίων
1043 1186 1194 1245 ἁπλῶς
1227 1207 1282 1234 αν
1315 1190 1382 1251 εἴη
1409 1192 1491 1250 τῆς

36 1256 97 1312 εἰς
129 1253 182 1301 τὸ
217 1252 440 1301 ἀδύνατον
472 1252 504 1317 ή
526 1254 755 1319 στερητική
784 1254 1018 1312 ἀπόδειξις,
1054 1253 1162 1301 ὥστε
1182 1257 1257 1301 καὶ
1277 1253 1306 1318 ἡ
1326 1255 1493 1318 ταύτης

34 1323 210 1384 βελτίων
243 1319 272 1384 ἠ
305 1319 576 1386 κατηγορικὴ
611 1326 750 1386 δῆλον
782 1321 850 1370 ὅτι
883 1324 957 1369 καὶ
989 1327 1068 1386 τῆς
1102 1324 1163 1380 εἰς
1185 1321 1237 1370 τὸ
1265 1322 1493 1372 ἀδύνατόν

34 1391 124 1438 ἐστι
153 1390 340 1450 βελτίων.
1509 1409 1546 1437 ³0

133 1456 434 1518 Ἀκριβεστέρα
465 1454 504 1503 δ’
544 1456 756 1540 ἐπιστήμη
790 1456 1028 1522 ἑπιστήιιης
1056 1459 1129 1504 καὶ
1166 1458 1357 1540 προτέρα
1391 1455 1424 1521 ἥ
1448 1477 1492 1505 τε
1512 1460 1576 1506 ΖΊ

35 1529 123 1572 τοῦ
143 1523 208 1572 ὅτι
234 1526 308 1571 καὶ
335 1523 452 1572 διότι
470 1521 500 1587 ἡ
522 1521 661 1587 αὕτη,
697 1523 809 1571 αλλὰ
836 1524 896 1588 μὴ
926 1528 1059 1586 χωρὶς
1088 1529 1172 1572 τοῦ
1201 1523 1268 1572 ὅτι
1299 1530 1378 1589 τῆς
1407 1530 1492 1572 τοῦ

37 1591 168 1645 διότι,
203 1593 277 1638 καὶ
310 1590 340 1655 ἡ
374 1590 433 1654 μὴ
468 1591 572 1638 καθ’
605 1591 904 1653 ὑποκειμένου
937 1597 1016 1656 τῆς
1047 1591 1152 1639 καθ’
1179 1590 1491 1652 ὑποκειμένου,

38 1656 138 1706 οἷον
159 1657 424 1722 ἀριθμητικὴ
444 1656 698 1723 αρμονικῆς,
732 1662 804 1707 καὶ
828 1659 857 1723 ἡ
878 1658 924 1716 ἐξ
935 1660 1175 1707 ἐλαττόνων
1195 1665 1275 1723 τῆς
1296 1661 1340 1708 ἐκ
1351 1673 1492 1720 προσ-

37 1727 218 1784 θέσεως..
253 1731 351 1773 οἱον
382 1729 638 1811 γεωμετρίας
673 1726 955 1791 ἀριθμητική.
998 1729 1108 1790 λέγω
1143 1726 1183 1775 δ’
1217 1729 1263 1775 ἐκ
1291 1707 1545 1788 προσψῑᾶθέ-

39 1806 163 1850 σεως,
185 1791 282 1840 οἷον
300 1793 437 1854 μονὰς
457 1792 591 1841 ουσία
603 1793 778 1853 ἄθετος,
800 1794 956 1859 στιγμὴ
975 1797 1021 1842 δε
1043 1794 1178 1843 ουσία
1202 1796 1359 1854 θετός·
1380 1796 1493 1845 ταύ-

36 1880 117 1925 την
141 1862 187 1908 ἐκ
211 1862 508 1920 προσθέσεως.
679 1881 706 1894 -

141 1929 238 1975 Μία
262 1928 300 1976 6'
321 1929 534 1991 ἐπιστήμη
555 1927 719 1976 ἐστὶν
690 1949 719 1993 η
750 1928 846 1987 ἑνὸς
863 1930 1042 1991 γένους,
1078 1928 1163 1977 ὅσα
1190 1931 1236 1977 ἐκ
1257 1935 1345 1978 τῶν
1364 1930 1492 1992 πρω’-
1512 1925 1576 1970 28

35 2014 123 2042 των
145 1995 371 2057 σύγκειται
387 1998 461 2043 καὶ
473 1998 582 2060 μέρη
602 1996 716 2044 ἐστὶν
732 1995 761 2061 ἢ
770 1998 898 2061 πάθη
908 1997 1077 2046 τούτοιν
1086 1997 1191 2045 καθ’
1204 1997 1332 2046 αὑτά.
1369 1999 1492 2057 ἑτέρα

38 2061 78 2110 δ’
99 2063 311 2127 ἐπιστήμη
333 2064 448 2112 ἐστὶν
472 2064 638 2124 ἑτέρας,
686 2062 807 2113 ὅσων
838 2067 883 2112 αἱ
915 2065 1044 2126 ἁρχαὶ
1076 2065 1175 2128 μήτ’
1210 2067 1256 2112 ἐκ
1288 2071 1375 2112 τῶν
1407 2065 1493 2113 αὐ-

38 2136 125 2178 τῶν
145 2130 252 2194 μήθ’
270 2133 407 2192 ἕτεραι
430 2133 479 2179 ἐκ
501 2137 591 2179 τῶν
610 2133 776 2192 ἑτέρων.
823 2132 990 2180 τούτου
1010 2135 1056 2180 δὲ
1074 2139 1270 2196 σημεῖον,
1307 2131 1412 2180 ὅταν
1433 2135 1495 2192 εἰς
1510 2148 1535 2182 b

39 2197 93 2245 τὰ
129 2198 419 2246 ἀναπόδεικτα
451 2200 582 2261 ἔλθῃ·
619 2204 686 2248 δεῖ
717 2199 801 2263 γὰρ
835 2199 949 2248 αὐτὰ
983 2202 1029 2248 ἐν
1057 2205 1121 2267 τῷ
1144 2199 1269 2267 αὐτῷ
1297 2202 1410 2265 γένει
1434 2198 1495 2249 εἶ-

136 2371 174 2404 17
202 2367 238 2415 ἦ]
264 2365 289 2417 ᾗ
313 2371 386 2404 dM.
411 2390 455 2397 —
478 2372 528 2404 alt
552 2369 593 2415 ἦ]
619 2368 643 2416 ἢ
671 2373 718 2406 Μ.
748 2392 785 2398 -
813 2386 890 2407 οτι.
903 2370 966 2416 ἢ
995 2386 1048 2406 om
1070 2374 1103 2407 d.
1128 2394 1172 2400 ——
1198 2375 1220 2419 β
1245 2387 1314 2416 ουχ
1337 2371 1495 2430 υπάρχει

43 2411 65 2460 ἦ
93 2416 180 2472 an.
205 2435 248 2441 -—-
279 2417 319 2450 18
343 2416 525 2462 πρότερον
552 2419 747 2474 AwBMdcfn
769 2438 816 2443 —-
840 2418 893 2463 ἐξ]
920 2419 967 2453 τὰ
992 2418 1028 2462 ἕξ
1058 2421 1097 2453 D.
1125 2439 1166 2445 —
1191 2421 1236 2452 22
1255 2418 1311 2464 δε]
1332 2419 1371 2454 δε
1387 2419 1427 2454 τὸ
1446 2422 1493 2455 M

42 2481 86 2487 —-
112 2475 131 2496 ο
157 2458 216 2506 αν]
244 2460 306 2496 ἐὰν
333 2464 398 2496 Dn.
424 2483 464 2489 —
500 2465 544 2497 23
569 2462 655 2498 ολον
681 2464 762 2509 ἔχει.
782 2477 846 2518 πρ.
882 2484 920 2489 -
953 2467 997 2500 24
1023 2466 1076 2509 αι]
1101 2464 1123 2508 ή
1149 2466 1298 2521 ABdM,
1325 2478 1366 2509 pr
1391 2478 1424 2500 ιι.
1450 2487 1498 2492 —

43 2506 105 2542 καὶ
131 2507 172 2540 τὸ
198 2508 246 2551 αβ
275 2511 362 2552 an,
386 2522 428 2552 γρ
452 2509 505 2566 βγ
519 2521 574 2553 mg
598 2522 624 2544 c.
650 2530 696 2535 --
719 2509 897 2553 πρότασις
924 2512 975 2544 Μ.
1002 2529 1040 2535 ——
1068 2512 1112 2544 25
1137 2509 1159 2554 ἡ
1188 2510 1224 2544 ἐκ
1250 2524 1304 2543 om
1329 2523 1364 2550 ιι,
1391 2524 1431 2553 pr
1452 2513 1494 2546 B.

43 2571 88 2578 -—
110 2550 376 2598 26αμφότεραι
398 2566 464 2597 μεν
491 2553 528 2589 ἐκ
558 2568 619 2600 np.
644 2576 690 2582 -
721 2557 766 2590 28
798 2557 847 2589 alt
873 2556 909 2599 ἡ]
936 2558 971 2591 εἰ
995 2559 1042 2591 Μ
1068 2575 1113 2581 -
1135 2558 1178 2590 29
1204 2555 1246 2589 τὸ
1274 2569 1355 2590 corr
1383 2558 1420 2590 B.
1450 2577 1492 2583 -—

45 2598 85 2631 31
119 2596 321 2642 ἐπιστήμης
349 2600 526 2642 ἔπιστημη
558 2603 597 2636 D.
633 2622 677 2627 -
711 2603 754 2636 32
780 2604 958 2659 χωριστοῦ
984 2604 1034 2636 Μ.
1064 2621 1110 2627 —-
1142 2603 1185 2636 34
1220 2601 1258 2636 ἐκ
1293 2614 1348 2635 om
1375 2603 1416 2638 D.
1449 2623 1494 2628 —

47 2643 90 2676 35
115 2655 179 2688 :qq
199 2644 411 2691 προθέσεως
430 2648 524 2691 an
543 2654 609 2680 ter
640 2667 686 2674 —
722 2648 765 2681 36
790 2646 829 2682 δε
852 2646 967 2689 μονὰς
994 2646 1102 2682 οὐσία
1125 2660 1158 2680 τι.
1182 2667 1228 2672 -
1264 2646 1399 2688 αθετος
1422 2649 1496 2682 fort

46 2700 151 2767 pr:
178 2709 222 2717 -
255 2691 526 2735 Sssttfivomf.
562 2712 601 2717 —
636 2693 864 2728 89εῖσιν1).
899 2714 940 2720 -
976 2692 1077 2728 4Οδ’
1102 2705 1214 2727 omn.
1249 2712 1292 2718 —
1328 2690 1494 2737 οσονΜ,

47 2746 88 2778 pr

135 2778 222 2814 8⁴11ss
250 2777 356 2828 ἕτερα
379 2782 440 2824 Ad,
463 2779 571 2828 ἑτέρα
593 2794 629 2822 ιι,
654 2781 774 2840 ἑτέρω
798 2785 854 2829 (h.
878 2797 909 2818 e.
936 2782 1063 2831 ἑτέρᾳ)
1087 2797 1167 2818 corr
1195 2786 1227 2819 B
1251 2798 1292 2830 pr
1315 2798 1430 2831 manu,
1455 2786 1495 2822 αἱ

46 2821 169 2871 ἕτεραι
189 2827 306 2871 121⁸.-
331 2834 408 2860 ante
431 2825 471 2862 ἐκ
495 2828 553 2861 del
575 2830 651 2862 vult
672 2830 764 2875 μήτε
790 2843 824 2864 π.
