1872 3126
576 190 840 237 Analytica
871 190 1157 236 posteriora.
1546 188 1630 228 405

160 290 298 342 ζῶμεν
325 287 398 330 καὶ
427 287 728 343 αἰσθανόμεθα
755 287 828 331 καὶ
856 288 1154 340 διανοούμεθα
1180 286 1381 340 πρώτως,
1422 283 1530 327 ὥστε
1556 287 1627 328 λό-

159 368 238 407 γος
265 368 329 402 τις
356 352 411 395 ἂν
435 354 499 406 εἴη
527 353 600 396 καὶ
627 350 763 404 εἶδος,
806 354 897 395 ἀλλ’
928 355 1008 408 οὐχ
1034 353 1115 407 ὕλη
1155 351 1226 394 καὶ
1252 351 1301 393 τὸ
1329 351 1625 404 ὑποκείμενον.

158 423 263 461 Item
291 421 404 458 640a
423 422 473 458 25
503 424 762 471 opponuntur
792 415 907 468 εἶδος
935 426 977 460 et
1005 418 1098 472 ὕλη,
1129 419 1297 458 additur
1325 422 1463 456 autem
1492 431 1551 459 vs.
1575 420 1627 457 28

158 482 187 537 ἦ
224 482 307 535 γὰρ
352 482 460 524 κατὰ
498 482 578 536 τὴν
614 481 794 536 μορφὴν
831 485 962 536 φύσις
991 482 1233 534 κυριωτέρα
1260 483 1337 536 τῆς
1363 480 1512 535 ὑλικῆς
1541 480 1626 532 φύ-

160 559 267 596 σεως
295 548 367 597 (cf.
403 550 575 587 1041b3
603 546 652 588 τὸ
680 547 821 589 αἴτιον
843 540 1029 601 ’ζητεῖται
1056 551 1132 602 τῆς
1158 546 1280 601 ὕλης·
1312 549 1442 587 τοῦτο
1471 545 1510 587 δ’
1540 543 1628 586 ἐστὶ

157 612 206 653 τὸ
238 608 355 660 εἶδος
381 603 416 666 ᾧ
443 611 484 652 τί
512 609 645 652 ἐστιν·
674 616 805 654 τοῦτο
835 613 874 654 δ’
903 613 932 667 ἦ
951 613 1121 665 οὐσία);
1151 615 1300 652 72931
1328 611 1378 652 τὸ
1397 610 1476 662 μὲν
1495 608 1628 662 ἄῤῥεν

156 675 381 730 παρέχεται
417 676 466 717 τό
502 690 545 717 τε
583 673 698 725 εἶδος
738 676 810 718 καὶ
836 676 916 732 τὴν
953 676 1089 731 ἀρχὴν
1125 679 1202 731 τῆς
1228 677 1460 729 κινήσεως,
1503 674 1553 716 τὸ
1581 674 1626 715 δὲ

158 744 274 795 θῆλυ
302 741 351 782 τὸ
381 739 502 794 σῶμα
529 739 602 782 καὶ
628 741 708 794 τὴν
734 741 858 795 ὕλην.
910 747 1060 782 73283
1089 741 1308 794 βελτίονος
1338 739 1383 782 δὲ
1411 738 1484 781 καὶ
1509 743 1626 781 θειο-

157 803 284 857 τέρας
311 805 390 859 τὴν
419 806 554 857 φύσιν
582 809 714 860 οὔσης
742 811 817 862 τῆς
846 807 984 855 αἰτίας
1023 809 1099 861 τῆς
1133 806 1338 859 κινούσης
1364 804 1556 857 πρώτης,
1597 798 1626 857 ᾗ

157 870 182 912 ὁ
209 871 335 923 λόγος
363 869 542 924 ὑπάρχει
570 870 641 912 καὶ
669 872 717 913 τὸ
757 869 872 921 εἶδος
899 875 975 927 τῆς
1015 870 1140 924 ὕλης,
1185 869 1354 923 βέλτιον
1382 869 1453 910 καὶ
1481 869 1531 910 τὸ
1558 883 1626 911 κε-

157 936 367 989 χωρίσθαι
405 934 452 976 τὸ
482 939 676 987 κρεῖττον
705 940 784 978 τοῦ
824 937 1028 990 χείρονος.
1093 935 1166 977 διὰ
1192 937 1310 976 τοῦτ’
1340 931 1387 974 έν
1415 933 1532 982 ὅσοις
1559 932 1625 975 έν-

158 999 319 1053 δέχεται
345 999 417 1041 καὶ
444 1002 545 1041 καθ’
574 999 680 1042 ὅσον
707 999 937 1055 ἐνδέχεται,
978 1000 1227 1054 κεχώρισται
1264 1003 1344 1040 τοῦ
1381 1000 1538 1052 θήλεος
1576 998 1625 1039 τὸ

158 1062 304 1116 ἇῤῥεν.
354 1063 523 1117 βέλτιον
562 1064 644 1118 γὰρ
673 1065 745 1107 καὶ
784 1067 1008 1119 θειότερον
1035 1066 1063 1119 ἡ
1091 1065 1198 1118 ἀρχὴ
1227 1067 1302 1119 τῆς
1327 1065 1557 1118 κινήσεως,
1597 1064 1625 1116 ἣ

157 1127 292 1181 α”ῤῥεν
329 1129 508 1183 ὑπάρχει
547 1133 637 1178 τοῖς
674 1130 942 1183 γινομένοις,
981 1129 1062 1182 ὕλη
1104 1129 1149 1170 δὲ
1188 1130 1236 1171 τὸ
1266 1130 1293 1183 ἢ
1320 1131 1450 1183 θῆλυ.
1500 1128 1623 1167 Conf.

158 1196 272 1233 1401)
285 1197 335 1233 25
364 1208 453 1246 sqq.
491 1197 667 1234 7651111
698 1195 789 1240 ἀλλ’
832 1194 919 1236 ἐπεὶ
946 1193 994 1236 τὸ
1033 1193 1166 1247 ἄῤῥεν
1193 1193 1265 1235 καὶ
1292 1194 1341 1234 τὸ
1381 1194 1499 1246 θῆλυ
1529 1190 1625 1232 διώ-

157 1268 298 1310 ρισται
333 1258 515 1310 δυνάμει
551 1257 635 1299 τινὶ
671 1258 742 1300 καὶ
777 1259 1022 1314 ἀδυναμίᾳ,
1064 1257 1112 1300 τὸ
1151 1258 1230 1310 μὲν
1256 1257 1339 1311 γὰρ
1378 1257 1626 1308 δυνάμενον

154 1321 318 1363 πέττειν
354 1321 426 1363 καὶ
468 1324 723 1365 συνιστάναι
757 1338 801 1365 τε
837 1324 908 1366 καὶ
948 1323 1183 1376 ἐκκρίνειν,
1226 1322 1391 1376 σπέρμα
1420 1320 1518 1375 ἔχον
1545 1320 1625 1374 τὴν

155 1386 291 1440 α’ρχὴν
317 1390 397 1428 τοῦ
427 1387 568 1436 εἴδους
598 1390 737 1441 (quam
771 1392 943 1430 192a34
971 1391 1071 1429 dicit
1099 1388 1178 1442 τὴν
1205 1386 1314 1429 κατὰ
1336 1385 1384 1428 τὸ
1406 1383 1521 1434 εἶδος
1548 1385 1623 1437 άρ-

155 1452 255 1505 χήν)
298 1450 499 1503 ἄρῤεν...
565 1454 749 1504 Denique
788 1455 992 1505 quomodo
1030 1458 1292 1505 opponantur
1329 1451 1410 1504 ὕλη
1440 1456 1483 1490 et
1510 1447 1625 1498 εἶδος

155 1516 223 1554 vel
252 1517 424 1555 maxime
455 1530 505 1555 ex
532 1517 582 1555 iis
614 1517 874 1556 manifestum
903 1522 967 1556 est
995 1531 1101 1568 quae
1131 1518 1184 1555 de
1213 1517 1373 1555 infinito
1404 1517 1623 1554 dicuntur:

154 1581 334 1618 207a2⁶
372 1577 460 1618 ἔστι
497 1578 579 1630 γὰρ
617 1577 665 1618 τὸ
704 1580 882 1628 ἄπειρον
908 1583 984 1632 τῆς
1011 1583 1090 1620 τοῦ
1129 1578 1343 1633 μεγέθους
1368 1579 1625 1632 τελειότητος

155 1640 236 1693 ὕλη
264 1641 336 1683 καὶ
364 1642 412 1683 τὸ
441 1642 623 1692 δυνάμει
650 1641 775 1691 ὅλον,
805 1641 1032 1699 ἐντελεχείᾳ
1061 1643 1099 1684 δ’
1122 1645 1193 1684 οὔ.
1210 1674 1242 1685 ..
1282 1642 1350 1684 διὸ
1379 1642 1452 1684 καὶ
1482 1644 1623 1696 ἄγνω-

157 1715 262 1747 στον
288 1700 318 1758 ᾗ
344 1709 550 1758 ἄπειρον·
587 1703 703 1755 εἶδος
730 1707 812 1760 γὰρ
843 1708 924 1748 οὐκ
951 1706 1032 1760 ἔχει
1059 1707 1088 1761 ἤ
1115 1706 1208 1761 ὕλη.
1263 1709 1318 1747 lb.
1349 1710 1374 1747 b
1392 1711 1411 1746 l
1441 1706 1622 1760 περιέχε-

156 1784 226 1811 ται
252 1769 335 1822 γὰρ
365 1770 422 1819 ὡς
449 1771 478 1825 ἦ
504 1770 584 1824 ὕλη
614 1770 734 1820 ἐντὸς
763 1771 834 1813 καὶ
861 1772 909 1813 τὸ
937 1774 1129 1824 ἄπειρον,
1158 1771 1334 1823 περιέχει
1357 1769 1471 1812 δὲτὸ
1497 1767 1621 1820 εἶδος.

159 1837 300 1886 Quare
337 1836 386 1877 τὸ
429 1834 562 1887 πέρας
602 1842 645 1876 et
683 1835 735 1877 τὰ
773 1837 895 1889 πάθη
936 1839 1191 1875 constituunt
1217 1835 1266 1876 τὸ
1294 1831 1428 1883 εἶδοςε
1471 1840 1622 1875 209a9

157 1898 243 1940 ἔστι
274 1898 319 1940 δὲ
347 1904 550 1942 τοιοῦτον
575 1901 604 1954 ἦ
630 1900 711 1953 ὕλη
740 1899 812 1941 καὶ
839 1900 888 1941 τὸ
917 1899 1142 1951 ἀόριστον·
1171 1898 1277 1940 ὅταν
1295 1899 1378 1952 γὰρ
1399 1900 1621 1953 ἀφαιρεθῇ

152 1964 202 2004 τὸ
229 1961 364 2015 πέρας
391 1964 464 2005 καὶ
489 1964 541 2006 τὰ
568 1966 690 2019 πάθη
718 1968 794 2019 τῆς
823 1965 1024 2018 σφαίρας,
1047 1964 1230 2005 λείπεται
1251 1964 1381 2005 οὐδὲν
1402 1963 1521 2016 παρὰ
1541 1963 1621 2018 τὴν

151 2026 274 2080 ὕλην.
341 2031 476 2080 Quum
504 2045 629 2082 supra
659 2031 882 2085 viderimus
913 2030 1001 2068 sine.
1030 2030 1270 2067 discrimine
1299 2030 1463 2080 saepius
1491 2043 1618 2068 usur-

152 2100 254 2144 pare
282 2093 554 2132 Aristotelem
580 2093 660 2146 τὴν
687 2093 866 2146 μορφὴν
893 2098 937 2131 et
963 2089 1012 2132 τὸ
1040 2087 1179 2140 εἶδος,
1221 2093 1369 2130 mirum
1408 2096 1500 2131 esse
1537 2106 1621 2132 non

154 2160 293 2207 potest
331 2157 441 2206 quod
477 2158 689 2208 coniungit
716 2159 828 2196 3351)
844 2159 893 2195 35
921 2154 969 2194 τὸ
1011 2155 1051 2194 τί
1079 2150 1134 2207 ἦν
1171 2150 1282 2195 εἶναι
1309 2154 1382 2195 καὶ
1407 2154 1487 2208 τὴν
1513 2170 1620 2207 μορ-

155 2219 270 2270 φήν,
311 2232 556 2270 quamquam
584 2220 704 2258 latius
732 2224 849 2271 patet
875 2217 1024 2271 μορφὴ
1055 2220 1257 2258 1:323b35
1287 2219 1443 2271 α’νδρία
1470 2218 1516 2260 δὲ
1544 2220 1619 2261 πό-

153 2285 259 2329 λεως
295 2281 369 2322 καὶ
409 2282 663 2335 δικαιοσύνη
691 2282 765 2324 καὶ
803 2283 1014 2336 φρόνησις
1042 2280 1121 2336 τὴν
1159 2282 1294 2336 αὐτὴν
1322 2282 1403 2336 ἔχει
1430 2284 1619 2337 δύναμιν

153 2345 227 2386 καὶ
262 2347 440 2399 μορφήν
477 2352 520 2387 et
557 2349 705 2387 *1:37114
743 2350 819 2401 τῆς
846 2348 886 2388 δ’
915 2349 1047 2402 αὐτῆς
1073 2349 1247 2401 μορφῆς
1273 2345 1360 2387 ἐστὶ
1386 2347 1459 2388 καὶ
1485 2348 1620 2401 δέρμα

155 2409 228 2452 καὶ
264 2409 376 2460 φλὲψ
394 2409 486 2461 ,καὶ
513 2409 628 2464 ὑμὴν
655 2410 727 2452 καὶ
754 2417 841 2453 πᾶν
878 2411 926 2454 τὸ
954 2416 1158 2454 τοιοῦτον
1184 2413 1330 2464 γένος,
1372 2414 1442 2451 uhi
1469 2412 1618 2467 μορφὴ

154 2489 237 2515 non
266 2480 478 2514 externam
508 2476 570 2515 rei
597 2477 786 2529 figuram,
815 2479 888 2517 sed
910 2478 1035 2529 ipsius
1057 2478 1259 2516 materiae
1278 2477 1459 2527 speciem
1481 2478 1616 2529 signi-

154 2539 262 2590 ficut*
285 2552 333 2577 ex
361 2552 439 2590 qua
470 2540 624 2591 aliquid
650 2546 824 2580 constet.
886 2542 985 2581 Aliis
1023 2542 1125 2581 locis
1162 2540 1211 2580 τὸ
1250 2535 1364 2588 εἶδος
1393 2554 1517 2580 sensu
1546 2541 1615 2580 la-

157 2603 254 2641 tiori
282 2604 566 2654 accipiendum
595 2610 679 2644 est:
709 2609 889 2645 3:39a29
916 2608 1004 2657 πῦρ
1033 2604 1111 2657 μὲν
1140 2603 1210 2645 καὶ
1238 2607 1322 2658 γῆν
1348 2602 1421 2645 καὶ
1438 2603 1490 2645 τὰ
1511 2615 1616 2658 συγ-

157 2667 259 2718 γενῆ
288 2667 456 2714 τούτοις
483 2666 540 2716 ὡς
568 2667 616 2709 ἐν
642 2668 746 2722 ὕλης
775 2668 876 2709 εἴδει
890 2666 954 2722 (ut
979 2683 1084 2721 quae
1102 2670 1301 2708 materiae
1328 2691 1382 2697 —
1407 2672 1488 2710 τοῦ
1511 2668 1615 2711 ὑπο-

159 2727 358 2781 κειμένου
385 2754 438 2759 -
465 2734 644 2784 speciem
672 2731 874 2787 habeant)
902 2735 990 2774 τῶν
1016 2731 1287 2786 γιγνομένων
1307 2732 1422 2774 αἴτια
1437 2733 1517 2788 χρὴ
1539 2749 1614 2776 νο-

157 2793 303 2846 μίζειν,
330 2794 379 2836 τὸ
406 2794 489 2848 γὰρ
517 2795 802 2850 ὑποκείμενον
829 2797 903 2838 καὶ
927 2797 1092 2850 πάσχον
1119 2800 1276 2839 τοῦτον
1293 2799 1614 2852 προσαγορεύο-
