1786 3068
311 203 363 241 44
825 204 1216 240 ΑΝΑΛΤΤΙΚΩΝ

310 319 383 347 ναι
414 304 503 357 τοῖς
535 299 916 359 ἀποδεδειγμένοις.
959 308 1134 387 σημεῖον
1165 304 1212 350 δε
1243 303 1316 348 καὶ
1335 300 1512 359 τούτου,
1548 302 1651 351 ὅταν
1675 303 1727 381 τιὶ

312 366 564 425 δεικνύμενα
587 365 643 411 δι
664 363 808 411 αυτῶν
830 366 873 412 ἐν
891 365 1036 438 ταύτῷ
1055 371 1164 430 γένει
1186 370 1270 416 ωσι
1289 370 1362 414 καὶ
1382 374 1577 432 συγγενῆ.
1779 423 1781 428 1

231 435 294 479 29
414 434 608 487 Πλείους
629 430 666 476 6'
686 429 979 490 ἀποδείξεις
939 439 1046 480 εἰναι
1070 441 1151 483 τοῦ
1173 434 1314 483 αὐτοῦ
1335 436 1505 496 ἐγχωρεῖ
1519 435 1577 482 ου’
1593 436 1729 495 μόνον
1777 474 1780 480 ,

278 517 296 543 6
314 499 358 544 ἐκ
387 503 466 559 τῆς
496 497 631 558 αὐτῆς
665 500 911 558 συστοιχίας
938 503 1196 561 λαμβάνοντι
1223 499 1282 563 ιιὴ
1309 499 1359 547 τὸ
1386 503 1558 561 συνεχές
1584 504 1728 562 μέσον,
1783 482 1786 543 λ

312 562 405 610 οἷον
436 568 521 609 τῶν
554 567 628 608 ΑΒ
658 561 708 608 τὸ
731 567 777 608 Γ
793 566 865 611 καὶ
886 571 927 611 A
955 569 1026 612 καὶ
1047 572 1105 625 Ζ,
1142 567 1250 614 ἄλλα
1270 569 1342 613 καὶ
1371 567 1415 622 ἐξ
1431 568 1583 628 ἑτέρας.
1635 567 1737 619 οἷον,
1784 575 1786 601 ¹

311 631 416 676 ε’στω
442 627 491 674 τὸ
511 633 548 674 Α
578 629 875 688 μεταβάλλειν,
918 630 968 678 τὸ
996 632 1034 679 δ’
1054 633 1121 694 ἐφ’
1149 628 1186 680 οἷ
1205 641 1246 680 A
1276 639 1510 689 κιιεῖσθαι,
1556 633 1606 680 τὸ
1626 636 1671 681 δε
1691 639 1729 680 Β
1784 637 1786 689 f

310 694 515 758 ἥδεσθαι,
549 696 620 740 καὶ
643 696 773 742 πάλιν
792 696 841 743 τὸ
865 701 915 743 Η
927 681 1215 783 ήρειιίζεσθαι
1251 698 1413 763 ἄληθες
1433 694 1515 746 οὖν
1533 702 1604 746 καὶ
1623 699 1673 747 τὸ
1688 706 1730 746 A
1781 691 1786 745 4,

261 781 293 807 10
310 765 391 807 τοῦ
411 764 447 806 Β
475 761 548 806 καὶ
570 759 620 807 τὸ
646 767 682 807 Α
701 766 786 808 τοῦ
805 770 847 809 A
863 773 1132 827 κατηγορεῖν·
1170 766 1195 813 6
1217 765 1297 828 γὰρ
1324 765 1533 829 ἡδόμενος
1552 772 1729 813 κινεῖται
1785 794 1786 798 =

308 829 381 872 καὶ
401 825 451 872 ¹c6
473 845 731 886 κινουμενον
749 832 1009 890 μεταβάλλει.
1062 833 1191 879 πάλιν
1217 831 1268 878 τὸ
1286 837 1323 878 Α
1348 837 1430 879 τοῦ
1447 837 1497 879 H
1513 834 1584 878 καὶ
1610 831 1660 878 τὸ
1683 837 1734 879 Η

308 898 390 940 τοῦ
407 897 444 939 Β
475 892 642 956 α’ληθες
665 903 934 957 κατηγορεῖν·
977 903 1063 955 πᾶς
1084 897 1165 960 γὰρ
1200 897 1225 944 6
1254 897 1468 960 ἡδόμενος
1489 897 1727 961 η’ρεμίζεται

307 962 381 1006 καὶ
412 958 436 1005 6
468 958 774 1022 η’ρειιιζομενος
802 962 1060 1022 μεταβάλλει.
1113 962 1218 1010 ὥστε
1242 963 1297 1009 δι’
1324 964 1474 1022 ἑτέρων
1501 966 1640 1023 μέσων
1655 967 1728 1010 καὶ

308 1025 395 1072 οὔκ
409 1027 455 1072 ἐκ
473 1031 549 1089 τῆς
570 1026 710 1089 αὐτῆς
723 1031 973 1089 συστοιχίας
985 1048 1010 1074 ο
999 1027 1323 1091 συλλογισμός.
1360 1029 1419 1076 οὗ
1429 1028 1517 1092 μὴν
1529 1028 1633 1076 ωστε
1644 1049 1726 1113 μη-

259 1110 292 1137 15
308 1094 478 1152 δέτερον
505 1111 612 1139 κατα
635 1095 881 1179 μηδετέρου
907 1096 1109 1156 λέγεσθαι
1136 1100 1220 1142 τῶν
1248 1097 1408 1155 μέσων·
1453 1115 1617 1158 αναγκη
1645 1115 1727 1178 γαρ

307 1163 367 1224 τῷ
402 1157 525 1204 αὕτοῖ
567 1162 648 1205 τινὶ
682 1158 812 1220 ἅιιφω
845 1159 1066 1221 ὑπάρχειν.
1119 1163 1435 1217 ἐπισκέψασθαι
1470 1164 1515 1208 δὲ
1548 1164 1619 1208 καὶ
1653 1162 1726 1209 διὰ

306 1230 392 1271 τῶν
409 1223 551 1270 αλλων
573 1225 820 1288 σχημάτων,
854 1225 1024 1287 ὁσαχως
1043 1228 1251 1288 ἐνδέχεται
1266 1233 1351 1274 τοῦ
1370 1227 1510 1275 αὐτοῦ
1526 1229 1728 1290 γενέσθαι

306 1290 609 1351 συλλογισμόν.

193 1365 198 1369 ’
227 1366 291 1408 30
413 1361 510 1403 Τοῦ
540 1356 577 1403 6'
606 1355 692 1403 απὸ
721 1356 856 1419 τύχης
888 1357 972 1404 οὐκ
1004 1359 1116 1405 ἔστιν
1151 1358 1362 1421 ἐπιστήμη
1386 1357 1440 1405 δι’
1460 1358 1724 1416 αποδείξεως.

257 1447 293 1474 20
309 1422 408 1470 οὔτε
436 1421 519 1484 γαρ
550 1422 608 1480 (ὃς
639 1422 870 1484 α’ναγκαῖον
901 1423 1004 1471 οὔθ’
1024 1423 1082 1481 ὥς
1112 1426 1178 1471 ἐπὶ
1198 1424 1249 1471 τὸ
1271 1424 1387 1471 πολύ
1408 1423 1459 1471 τὸ
1480 1424 1566 1472 dud
1593 1425 1727 1488 τύχης

308 1491 441 1546 ἐστίν,
485 1488 595 1535 ἄλλα
625 1491 676 1536 τὸ
707 1489 824 1549 παρὰ
853 1495 990 1537 ταῦτα
1008 1489 1253 1552 γινόμενον·
1298 1490 1383 1553 ἡδ’
1402 1491 1616 1548 ἀπόδειξις
1638 1498 1725 1538 θα-

307 1557 438 1614 τέρου
467 1556 643 1602 τούτων.
719 1560 803 1613 πᾶς
838 1555 919 1617 γὰρ
950 1556 1244 1618 συλλογισμὸς
1274 1555 1306 1619 ἢ
1342 1556 1396 1603 δι’
1427 1556 1669 1618 ἀναγκαίων
1696 1555 1726 1620 ἢ

307 1621 381 1668 διιὶ
412 1626 496 1668 τῶν
523 1621 581 1679 ὡς
608 1623 675 1669 ἐπὶ
701 1620 752 1668 τὸ
777 1622 896 1669 πολὺ
926 1624 1199 1683 προτάσεων·
1244 1625 1318 1669 καὶ
1338 1625 1375 1670 εἰ
1401 1625 1476 1683 μὲν
1496 1625 1539 1670 αἱ
1560 1623 1724 1683 προτά-

307 1701 396 1745 σεις
429 1687 677 1749 ἀναγκαῖαι,
711 1691 785 1734 καὶ
817 1687 868 1734 τὸ
902 1691 1190 1749 συμπέρασμα
1224 1688 1478 1750 ἄναγκαῖον,
1530 1692 1567 1736 εἰ
1597 1688 1635 1736 6'
1668 1688 1727 1746 ὥς

257 1776 292 1804 25
308 1756 377 1801 ἐπὶ
395 1753 444 1800 τὸ
467 1753 606 1812 πολύ,
640 1756 712 1799 καὶ
739 1753 788 1800 τὸ
814 1757 1103 1814 συμπέρασμα
1123 1760 1336 1802 τοιοῦτον.
1389 1753 1487 1802 ὥστ’
1513 1755 1615 1801 εἰτὸ
1636 1754 1723 1802 ἀπὸ

306 1820 442 1882 τύχης
473 1819 579 1882 μήθ’
608 1819 666 1876 ὡς
695 1821 761 1867 ἐπὶ
799 1819 848 1866 vd
883 1819 1000 1867 πολύ
1032 1820 1130 1884 μήτ’
1161 1821 1412 1883 ἀναγκαῖον,
1464 1821 1549 1868 οὐκ
1580 1819 1634 1868 ἂν
1660 1824 1726 1884 εἴη

308 1886 450 1933 αὐτοῦ
473 1885 698 1942 ἀπόδειξις.

226 1956 287 1999 31
411 1951 528 1999 Οὐδὲ
558 1951 612 1998 δι’
642 1951 887 2014 αἰσθήσεως
913 1953 1023 1999 ἔστιν
1043 1953 1311 1999 ἐπίστασθαι.
1366 1953 1403 1998 εἰ
1421 1950 1502 2012 γὰρ
1523 1954 1596 1998 καὶ
1615 1953 1726 1999 ἔστιν

306 2017 336 2082 ἡ
359 2020 565 2101 αἴσθησις
575 2023 658 2065 τοῦ
675 2023 848 2065 τοιοῦδε
866 2021 938 2064 καὶ
957 2018 1017 2099 μη“
1036 2020 1167 2065 τοῦδέ
1179 2037 1306 2075 τινος,
1331 2017 1424 2063 ἄλλ’
1437 2019 1728 2066 αἰσθάνεσθαί

233 2097 290 2133 ‘so
305 2103 350 2146 γε
380 2084 613 2146 αναγκαῖον
647 2084 744 2130 τόδε
771 2103 810 2131 τι
830 2086 901 2130 καὶ
925 2090 1017 2131 ποῦ
1043 2087 1114 2131 καὶ
1141 2089 1237 2131 νῦν.
1289 2083 1339 2130 τὸ
1362 2086 1408 2130 δε
1428 2085 1631 2132 καθόλου
1651 2087 1725 2131 καὶ

307 2152 375 2198 ἐπὶ
393 2155 526 2198 πᾶσιν
548 2150 765 2198 αδύνατον
784 2151 1093 2197 αἰσθανεσθαι·
1114 2150 1172 2197 οὕ
1192 2149 1272 2212 γὰρ
1290 2149 1389 2196 τόδε
1411 2169 1468 2196 ου
1458 2149 1517 2197 ’δὲ
1537 2169 1638 2198 νυν·
1666 2149 1725 2197 οὐ

306 2236 387 2279 γαρ
420 2236 473 2264 αν
503 2210 562 2279 ἦν
592 2215 920 2263 καθόλου·τό
952 2236 1034 2278 γαρ
1076 2216 1140 2263 αεὶ
1173 2218 1244 2263 καὶ
1274 2221 1496 2277 πανταχοῦ
1521 2217 1726 2264 καθόλου

279 2302 448 2345 φαμεν
470 2281 589 2330 εἶναι.
636 2284 722 2330 ἐπεὶ
746 2277 830 2330 οὖν
854 2285 897 2329 αἱ
917 2302 993 2342 μεν
1014 2282 1248 2340 αποδείξεις
1269 2282 1490 2342 καθόλου,
1533 2302 1668 2329 ταυτα
1686 2282 1725 2329 δ’

307 2349 394 2397 οὐκ
412 2352 522 2397 ε’στιν
532 2349 834 2405 αἰσθάνεσθαι,
850 2348 1038 2410 φανερὸν
1049 2368 1115 2395 οτι
1123 2349 1222 2396 ουδ
1231 2351 1484 2396 ἐπίστασθαι
1498 2348 1551 2395 δι’
1561 2349 1723 2412 αἰσθή-

257 2435 292 2463 35
309 2429 416 2474 σεως
446 2418 568 2463 ε’στιν.
605 2414 715 2462 αλλα
748 2420 883 2479 δηλον
913 2414 976 2463 ὅτι
1005 2417 1078 2462 καὶ
1109 2417 1146 2462 εἰ
1171 2409 1226 2478 ἦν
1252 2415 1543 2462 αἰσθάνεσθαι
1562 2415 1612 2462 τὸ
1633 2417 1723 2476 τρί-

395 2544 414 2576 3
428 2544 536 2577 τοῦτο
551 2543 599 2576 Μ.
613 2561 659 2567 -
674 2543 695 2574 4
707 2541 859 2584 συγγενῆ
871 2540 936 2581 εἴη.
960 2540 1104 2579 πλείους
1120 2552 1177 2584 up.
1197 2560 1234 2565 —-
1262 2542 1281 2574 9
1301 2554 1320 2573 r
1311 2539 1532 2582 Ῑρεμίζεσθαι
1543 2553 1597 2573 scr
1612 2541 1725 2573 solent

308 2588 401 2620 ΑΒιι.
414 2607 453 2612 -
477 2589 517 2621 14
529 2585 759 2629 αυτηςοπιῦ
774 2604 816 2612 —-
838 2585 1092 2626 Πγινεσθαιά.
1110 2605 1140 2609 -
1162 2582 1357 2624 Ξῠούδεώς
1370 2587 1434 2619 Ad.
1454 2606 1494 2611 -—
1516 2584 1594 2619 οὐδ’
1607 2584 1723 2627 ἐπὶΜ,

308 2629 384 2665 ovt'
409 2630 467 2666 ἐπὶ
491 2633 522 2665 d.
548 2652 591 2657 —
614 2633 658 2665 24
686 2631 899 2685 αναγκαῖον]
927 2630 1096 2663 τοιοῦτον
1121 2631 1161 2663 D.
1186 2648 1231 2655 —
1253 2632 1295 2663 ⁶25
1320 2632 1368 2682 aJt
1390 2631 1432 2664 τὸ
1455 2643 1507 2664 om
1527 2633 1566 2664 D.
1579 2651 1624 2656 —
1645 2642 1723 2663 τοι-
1785 2668 1786 2671 ¹

308 2677 433 2720 οὗτον]
467 2675 639 2715 (ὅσαύτως
665 2679 706 2710 D.
737 2696 782 2701 -—
814 2673 855 2709 τὸ
891 2687 945 2708 om
971 2676 1012 2708 A
1045 2693 1086 2699 -
1121 2676 1163 2708 26
1196 2672 1285 2717 μήθ
1319 2689 1367 2714 ως
1391 2673 1588 2718 ἀναγκαῖον
1612 2677 1653 2709 D.
1678 2693 1723 2700 —-
1784 2700 1785 2716 ;

308 2718 658 2776 28pr75promd.
689 2719 975 2776 -altffleld-
1001 2720 1155 2762 ‘99²7
1183 2721 1305 2753 omD.
1330 2740 1375 2746 -
1405 2733 1479 2755 τοι.
1494 2721 1653 2755 .οὗδεη.
1679 2728 1786 2753 —>

310 2767 348 2800 31
377 2763 484 2800 οὖδεν
506 2767 574 2801 νῦν
598 2779 638 2810 pr
659 2778 692 2800 n.
717 2785 762 2792 —
785 2763 845 2810 οὖ]
872 2762 957 2801 οὐδὲ
982 2765 1042 2807 Ds.
1069 2784 1108 2790 -
1137 2765 1179 2797 32
1203 2777 1248 2798 αν
1274 2778 1328 2798 om
1350 2766 1416 2799 Ad.
1449 2784 1484 2792 —-
1510 2763 1569 2810 τὸ]
1596 2760 1616 2799 ὃ
1633 2776 1720 2808 prn-
