<?xml version="1.0" encoding="UTF-8"?>
<!DOCTYPE html PUBLIC "-//W3C//DTD XHTML 1.0 Transitional//EN"
    "http://www.w3.org/TR/xhtml1/DTD/xhtml1-transitional.dtd">
<html xmlns="http://www.w3.org/1999/xhtml" xml:lang="en" lang="en">
 <head>
  <title>
</title>
<meta http-equiv="Content-Type" content="text/html;charset=utf-8" />
  <meta name='ocr-system' content='tesseract 3.04.00' />
  <meta name='ocr-capabilities' content='ocr_page ocr_carea ocr_par ocr_line ocrx_word'/>
</head>
<body>
  <div class='ocr_page' id='page_1' title='image "aristotelisorgan02arisuoft_0261.png"; bbox 0 0 1872 3126; ppageno 0'>
   <div class='ocr_carea' id='block_1_1' title="bbox 667 234 1556 275">
    <p class='ocr_par' dir='ltr' id='par_1_1' title="bbox 667 234 1556 275">
     <span class='ocr_line' id='line_1_1' title="bbox 667 234 1556 275; baseline 0.008 -8"><span class='ocrx_word' id='word_1_1' title='bbox 667 234 740 268; x_wconf 88' lang='lat' dir='ltr'><strong><em>To</em></strong></span> <span class='ocrx_word' id='word_1_2' title='bbox 753 234 901 269; x_wconf 70' lang='grc' dir='ltr'><em>ΠῙΚΩ</em></span> <span class='ocrx_word' id='word_1_3' title='bbox 911 236 954 270; x_wconf 91' lang='grc' dir='ltr'><strong><em>Ν</em></strong></span> <span class='ocrx_word' id='word_1_4' title='bbox 981 235 1556 275; x_wconf 79' lang='grc'><strong><em>1-245</em></strong></span> 
     </span>
    </p>
   </div>
   <div class='ocr_carea' id='block_1_2' title="bbox 75 331 1618 2423">
    <p class='ocr_par' dir='ltr' id='par_1_2' title="bbox 82 331 1595 939">
     <span class='ocr_line' id='line_1_2' title="bbox 192 331 1595 400; baseline 0 -20"><span class='ocrx_word' id='word_1_5' title='bbox 192 331 326 395; x_wconf 73' lang='grc' dir='ltr'><strong><em>Παρὰ</em></strong></span> <span class='ocrx_word' id='word_1_6' title='bbox 374 334 422 380; x_wconf 77' lang='grc' dir='ltr'><strong><em>δὲ</em></strong></span> <span class='ocrx_word' id='word_1_7' title='bbox 466 331 551 396; x_wconf 78' lang='grc' dir='ltr'><strong><em>τήν</em></strong></span> <span class='ocrx_word' id='word_1_8' title='bbox 592 334 851 400; x_wconf 73' lang='grc' dir='ltr'><em>προσῳδίαν</em></span> <span class='ocrx_word' id='word_1_9' title='bbox 894 333 941 381; x_wconf 78' lang='grc' dir='ltr'><strong><em>ἐν</em></strong></span> <span class='ocrx_word' id='word_1_10' title='bbox 981 335 1060 396; x_wconf 69' lang='grc' dir='ltr'><strong><em>μὲν</em></strong></span> <span class='ocrx_word' id='word_1_11' title='bbox 1101 340 1195 393; x_wconf 87' lang='grc' dir='ltr'><strong><em>τοῖς</em></strong></span> <span class='ocrx_word' id='word_1_12' title='bbox 1236 353 1345 382; x_wconf 86' lang='grc' dir='ltr'><strong><em>ανευ</em></strong></span> <span class='ocrx_word' id='word_1_13' title='bbox 1376 339 1595 399; x_wconf 73' lang='grc' dir='ltr'><strong><em>γραφῆςι»</em></strong></span> 
     </span>
     <span class='ocr_line' id='line_1_3' title="bbox 87 400 1554 466; baseline 0.001 -18"><span class='ocrx_word' id='word_1_14' title='bbox 87 405 374 458; x_wconf 75' lang='grc' dir='ltr'><em>διαλεκτικοῖς</em></span> <span class='ocrx_word' id='word_1_15' title='bbox 404 419 464 448; x_wconf 89' lang='grc' dir='ltr'><strong><em>ου</em></strong></span> <span class='ocrx_word' id='word_1_16' title='bbox 493 400 650 466; x_wconf 80' lang='grc' dir='ltr'><strong><em>ῥᾴδιον</em></strong></span> <span class='ocrx_word' id='word_1_17' title='bbox 674 405 864 465; x_wconf 79' lang='grc' dir='ltr'><strong><em>ποιῆσαι</em></strong></span> <span class='ocrx_word' id='word_1_18' title='bbox 895 401 1052 464; x_wconf 89' lang='grc' dir='ltr'><strong><em>λόγον,</em></strong></span> <span class='ocrx_word' id='word_1_19' title='bbox 1097 403 1144 450; x_wconf 81' lang='grc' dir='ltr'><strong><em>ἐν</em></strong></span> <span class='ocrx_word' id='word_1_20' title='bbox 1173 404 1220 451; x_wconf 75' lang='grc' dir='ltr'><strong><em>δὲ</em></strong></span> <span class='ocrx_word' id='word_1_21' title='bbox 1249 408 1343 461; x_wconf 87' lang='grc' dir='ltr'><strong><em>τοῖς</em></strong></span> <span class='ocrx_word' id='word_1_22' title='bbox 1366 421 1554 465; x_wconf 87' lang='grc' dir='ltr'><strong><em>γεγραμ-</em></strong></span> 
     </span>
     <span class='ocr_line' id='line_1_4' title="bbox 89 467 1555 551; baseline -0.001 -34"><span class='ocrx_word' id='word_1_23' title='bbox 89 471 241 531; x_wconf 79' lang='grc' dir='ltr'><strong><em>μένοις</em></strong></span> <span class='ocrx_word' id='word_1_24' title='bbox 274 470 348 515; x_wconf 81' lang='grc' dir='ltr'><strong><em>καὶ</em></strong></span> <span class='ocrx_word' id='word_1_25' title='bbox 382 467 596 551; x_wconf 77' lang='grc' dir='ltr'><strong><em>ποιημασι</em></strong></span> <span class='ocrx_word' id='word_1_26' title='bbox 630 472 823 529; x_wconf 79' lang='grc' dir='ltr'><strong><em>μᾶλλον,</em></strong></span> <span class='ocrx_word' id='word_1_27' title='bbox 870 475 967 516; x_wconf 89' lang='grc' dir='ltr'><strong><em>οἱον</em></strong></span> <span class='ocrx_word' id='word_1_28' title='bbox 1000 471 1076 517; x_wconf 78' lang='grc' dir='ltr'><strong><em>καὶ</em></strong></span> <span class='ocrx_word' id='word_1_29' title='bbox 1108 468 1189 518; x_wconf 81' lang='grc' dir='ltr'><strong><em>τόν</em></strong></span> <span class='ocrx_word' id='word_1_30' title='bbox 1210 468 1412 535; x_wconf 64' lang='grc' dir='ltr'><strong><em>’Ὅμηρον</em></strong></span> <span class='ocrx_word' id='word_1_31' title='bbox 1444 471 1555 518; x_wconf 70' lang='grc' dir='ltr'><strong><em>ἔνιοι</em></strong></span> 
     </span>
     <span class='ocr_line' id='line_1_5' title="bbox 86 535 1555 605; baseline 0.001 -20"><span class='ocrx_word' id='word_1_32' title='bbox 86 541 379 605; x_wconf 73' lang='grc' dir='ltr'><strong><em>διορθοῦνται</em></strong></span> <span class='ocrx_word' id='word_1_33' title='bbox 409 535 524 597; x_wconf 79' lang='grc' dir='ltr'><strong><em>πρὸς</em></strong></span> <span class='ocrx_word' id='word_1_34' title='bbox 554 535 664 594; x_wconf 77' lang='grc' dir='ltr'><strong><em>τούς</em></strong></span> <span class='ocrx_word' id='word_1_35' title='bbox 699 536 1000 599; x_wconf 78' lang='grc' dir='ltr'><strong><em>ἐλέγχοντας</em></strong></span> <span class='ocrx_word' id='word_1_36' title='bbox 969 558 1030 596; x_wconf 82' lang='grc' dir='ltr'><strong><em>ως</em></strong></span> <span class='ocrx_word' id='word_1_37' title='bbox 1051 537 1224 597; x_wconf 80' lang='grc' dir='ltr'><strong><em>άτόπως</em></strong></span> <span class='ocrx_word' id='word_1_38' title='bbox 1247 537 1450 603; x_wconf 81' lang='grc' dir='ltr'><strong><em>εἰρηκότα</em></strong></span> <span class='ocrx_word' id='word_1_39' title='bbox 1473 536 1555 597; x_wconf 85' lang='grc' dir='ltr'><strong><em>,,τὸ</em></strong></span> 
     </span>
     <span class='ocr_line' id='line_1_6' title="bbox 85 598 1590 673; baseline 0.001 -21"><span class='ocrx_word' id='word_1_40' title='bbox 85 624 164 666; x_wconf 90' lang='grc' dir='ltr'><strong><em>μεν</em></strong></span> <span class='ocrx_word' id='word_1_41' title='bbox 185 598 245 652; x_wconf 76' lang='grc' dir='ltr'><strong><em>οὗ</em></strong></span> <span class='ocrx_word' id='word_1_42' title='bbox 273 603 575 651; x_wconf 76' lang='grc' dir='ltr'><strong><em>καταπύθεται</em></strong></span> <span class='ocrx_word' id='word_1_43' title='bbox 607 603 783 672; x_wconf 80' lang='grc' dir='ltr'><strong><em>ὅμβρω”</em></strong></span> <span class='ocrx_word' id='word_1_44' title='bbox 784 642 794 651; x_wconf 96' lang='grc'><strong><em>.</em></strong></span> <span class='ocrx_word' id='word_1_45' title='bbox 846 605 1012 652; x_wconf 80' lang='grc' dir='ltr'><strong><em>λύουσι</em></strong></span> <span class='ocrx_word' id='word_1_46' title='bbox 1038 604 1120 669; x_wconf 81' lang='grc' dir='ltr'><strong><em>γάρ</em></strong></span> <span class='ocrx_word' id='word_1_47' title='bbox 1148 604 1260 654; x_wconf 81' lang='grc' dir='ltr'><strong><em>αὐτὸ</em></strong></span> <span class='ocrx_word' id='word_1_48' title='bbox 1285 611 1342 668; x_wconf 78' lang='grc' dir='ltr'><strong><em>τῇ</em></strong></span> <span class='ocrx_word' id='word_1_49' title='bbox 1373 619 1590 673; x_wconf 76' lang='grc' dir='ltr'><strong><em>προσῳ-5</em></strong></span> 
     </span>
     <span class='ocr_line' id='line_1_7' title="bbox 86 653 1555 738; baseline 0.003 -20"><span class='ocrx_word' id='word_1_50' title='bbox 86 674 172 738; x_wconf 85' lang='grc' dir='ltr'><strong><em>δία,</em></strong></span> <span class='ocrx_word' id='word_1_51' title='bbox 207 673 404 734; x_wconf 86' lang='grc' dir='ltr'><strong><em>λέγοντες</em></strong></span> <span class='ocrx_word' id='word_1_52' title='bbox 434 670 486 719; x_wconf 82' lang='grc' dir='ltr'><strong><em>τὸ</em></strong></span> <span class='ocrx_word' id='word_1_53' title='bbox 511 670 573 719; x_wconf 74' lang='grc' dir='ltr'><strong><em>οὔ</em></strong></span> <span class='ocrx_word' id='word_1_54' title='bbox 592 653 815 732; x_wconf 76' lang='grc' dir='ltr'><strong><em>ὀξύτερον.</em></strong></span> <span class='ocrx_word' id='word_1_55' title='bbox 873 675 948 720; x_wconf 80' lang='grc' dir='ltr'><strong><em>καὶ</em></strong></span> <span class='ocrx_word' id='word_1_56' title='bbox 968 672 1020 720; x_wconf 79' lang='grc' dir='ltr'><strong><em>τὸ</em></strong></span> <span class='ocrx_word' id='word_1_57' title='bbox 1044 675 1144 736; x_wconf 92' lang='grc' dir='ltr'><strong><em>περὶ</em></strong></span> <span class='ocrx_word' id='word_1_58' title='bbox 1165 673 1215 722; x_wconf 87' lang='grc' dir='ltr'><strong><em>τὸ</em></strong></span> <span class='ocrx_word' id='word_1_59' title='bbox 1237 674 1447 722; x_wconf 80' lang='grc' dir='ltr'><strong><em>ἐνύπνιον</em></strong></span> <span class='ocrx_word' id='word_1_60' title='bbox 1468 678 1555 722; x_wconf 83' lang='grc' dir='ltr'><strong><em>τοῦ</em></strong></span> 
     </span>
     <span class='ocr_line' id='line_1_8' title="bbox 84 737 1554 803; baseline 0.002 -16.012"><span class='ocrx_word' id='word_1_61' title='bbox 84 739 420 801; x_wconf 80' lang='grc' dir='ltr'><strong><em>Ἇγαιιέιινονος,</em></strong></span> <span class='ocrx_word' id='word_1_62' title='bbox 468 737 533 786; x_wconf 82' lang='grc' dir='ltr'><strong><em>ὅτι</em></strong></span> <span class='ocrx_word' id='word_1_63' title='bbox 565 739 652 787; x_wconf 76' lang='grc' dir='ltr'><strong><em>οὐκ</em></strong></span> <span class='ocrx_word' id='word_1_64' title='bbox 684 738 820 798; x_wconf 79' lang='grc' dir='ltr'><strong><em>αὐτὸς</em></strong></span> <span class='ocrx_word' id='word_1_65' title='bbox 850 739 875 788; x_wconf 86' lang='lat'><strong><em>6</em></strong></span> <span class='ocrx_word' id='word_1_66' title='bbox 899 739 1018 799; x_wconf 75' lang='grc' dir='ltr'><strong><em>Ζεύς</em></strong></span> <span class='ocrx_word' id='word_1_67' title='bbox 1048 739 1166 789; x_wconf 80' lang='grc' dir='ltr'><strong><em>εἶπεν</em></strong></span> <span class='ocrx_word' id='word_1_68' title='bbox 1195 744 1406 803; x_wconf 86' lang='grc' dir='ltr'><strong><em>,,δίδομεν</em></strong></span> <span class='ocrx_word' id='word_1_69' title='bbox 1437 743 1487 790; x_wconf 90' lang='grc' dir='ltr'><strong><em>δέ</em></strong></span> <span class='ocrx_word' id='word_1_70' title='bbox 1511 743 1554 789; x_wconf 84' lang='grc' dir='ltr'><strong><em>οἱ</em></strong></span> 
     </span>
     <span class='ocr_line' id='line_1_9' title="bbox 86 805 1552 892; baseline 0.001 -37"><span class='ocrx_word' id='word_1_71' title='bbox 86 811 219 870; x_wconf 66' lang='grc' dir='ltr'><strong><em>εὖχος</em></strong></span> <span class='ocrx_word' id='word_1_72' title='bbox 230 805 482 891; x_wconf 55' lang='lat'><em>36956666’,</em></span> <span class='ocrx_word' id='word_1_73' title='bbox 518 806 630 855; x_wconf 85' lang='grc' dir='ltr'><strong><em>άλλα</em></strong></span> <span class='ocrx_word' id='word_1_74' title='bbox 664 813 726 892; x_wconf 77' lang='grc' dir='ltr'><strong><em>τῷ</em></strong></span> <span class='ocrx_word' id='word_1_75' title='bbox 761 809 953 875; x_wconf 78' lang='grc' dir='ltr'><strong><em>ἐνυπνίῳ</em></strong></span> <span class='ocrx_word' id='word_1_76' title='bbox 987 810 1225 857; x_wconf 79' lang='grc' dir='ltr'><strong><em>ἐνετέλλετο</em></strong></span> <span class='ocrx_word' id='word_1_77' title='bbox 1253 810 1447 857; x_wconf 79' lang='grc' dir='ltr'><strong><em>διδόναι.</em></strong></span> <span class='ocrx_word' id='word_1_78' title='bbox 1498 808 1552 857; x_wconf 77' lang='grc' dir='ltr'><strong><em>τά</em></strong></span> 
     </span>
     <span class='ocr_line' id='line_1_10' title="bbox 82 868 1142 943; baseline 0.001 -19"><span class='ocrx_word' id='word_1_79' title='bbox 82 878 162 938; x_wconf 76' lang='grc' dir='ltr'><strong><em>μὲν</em></strong></span> <span class='ocrx_word' id='word_1_80' title='bbox 188 868 273 923; x_wconf 83' lang='grc' dir='ltr'><strong><em>οὖν</em></strong></span> <span class='ocrx_word' id='word_1_81' title='bbox 292 879 476 922; x_wconf 84' lang='grc' dir='ltr'><strong><em>τοιαῦτα</em></strong></span> <span class='ocrx_word' id='word_1_82' title='bbox 495 874 614 937; x_wconf 78' lang='grc' dir='ltr'><strong><em>παρὰ</em></strong></span> <span class='ocrx_word' id='word_1_83' title='bbox 637 874 718 939; x_wconf 78' lang='grc' dir='ltr'><strong><em>τὴν</em></strong></span> <span class='ocrx_word' id='word_1_84' title='bbox 738 878 996 943; x_wconf 78' lang='grc' dir='ltr'><strong><em>προσῳδίαν</em></strong></span> <span class='ocrx_word' id='word_1_85' title='bbox 1016 878 1142 925; x_wconf 77' lang='grc' dir='ltr'><strong><em>ἐστίν.</em></strong></span> 
     </span>
    </p>

    <p class='ocr_par' dir='ltr' id='par_1_3' title="bbox 79 941 1618 1614">
     <span class='ocr_line' id='line_1_11' title="bbox 192 941 1603 1007; baseline 0 -16"><span class='ocrx_word' id='word_1_86' title='bbox 192 945 247 991; x_wconf 79' lang='grc' dir='ltr'><strong><em>Οἱ</em></strong></span> <span class='ocrx_word' id='word_1_87' title='bbox 281 945 327 990; x_wconf 73' lang='grc' dir='ltr'><strong><em>δὲ</em></strong></span> <span class='ocrx_word' id='word_1_88' title='bbox 362 941 482 1003; x_wconf 80' lang='grc' dir='ltr'><strong><em>παρὰ</em></strong></span> <span class='ocrx_word' id='word_1_89' title='bbox 516 942 569 990; x_wconf 81' lang='grc' dir='ltr'><strong><em>τὸ</em></strong></span> <span class='ocrx_word' id='word_1_90' title='bbox 605 948 751 1007; x_wconf 77' lang='grc' dir='ltr'><strong><em>σχῆιια</em></strong></span> <span class='ocrx_word' id='word_1_91' title='bbox 785 949 868 1007; x_wconf 80' lang='grc' dir='ltr'><strong><em>τῆς</em></strong></span> <span class='ocrx_word' id='word_1_92' title='bbox 892 943 1046 1003; x_wconf 82' lang='grc' dir='ltr'><strong><em>λέξεως</em></strong></span> <span class='ocrx_word' id='word_1_93' title='bbox 1070 945 1410 1007; x_wconf 82' lang='grc' dir='ltr'><strong><em>συμβαίνουσιν,</em></strong></span> <span class='ocrx_word' id='word_1_94' title='bbox 1446 941 1553 991; x_wconf 81' lang='grc' dir='ltr'><strong><em>ὅταν</em></strong></span> <span class='ocrx_word' id='word_1_95' title='bbox 1568 959 1603 987; x_wconf 85' lang='grc'><strong><em>10</em></strong></span> 
     </span>
     <span class='ocr_line' id='line_1_12' title="bbox 83 1009 1554 1076; baseline 0.001 -18"><span class='ocrx_word' id='word_1_96' title='bbox 83 1010 134 1058; x_wconf 84' lang='grc' dir='ltr'><strong><em>τὸ</em></strong></span> <span class='ocrx_word' id='word_1_97' title='bbox 162 1009 223 1074; x_wconf 77' lang='grc' dir='ltr'><em>μή</em></span> <span class='ocrx_word' id='word_1_98' title='bbox 256 1009 395 1057; x_wconf 75' lang='grc' dir='ltr'><strong><em>ταύτό</em></strong></span> <span class='ocrx_word' id='word_1_99' title='bbox 425 1009 643 1070; x_wconf 81' lang='grc' dir='ltr'><strong><em>ωσαύτως</em></strong></span> <span class='ocrx_word' id='word_1_100' title='bbox 669 1012 981 1076; x_wconf 75' lang='grc' dir='ltr'><strong><em>ἓρμηνεύηται,</em></strong></span> <span class='ocrx_word' id='word_1_101' title='bbox 1026 1011 1121 1060; x_wconf 85' lang='grc' dir='ltr'><strong><em>οἷον</em></strong></span> <span class='ocrx_word' id='word_1_102' title='bbox 1143 1011 1195 1060; x_wconf 84' lang='grc' dir='ltr'><strong><em>τὸ</em></strong></span> <span class='ocrx_word' id='word_1_103' title='bbox 1218 1010 1352 1075; x_wconf 77' lang='grc' dir='ltr'><strong><em>ἅῤῥεν</em></strong></span> <span class='ocrx_word' id='word_1_104' title='bbox 1377 1009 1554 1076; x_wconf 68' lang='grc' dir='ltr'><strong><em>θῆλυ”Ν</em></strong></span> <span class='ocrx_word' id='word_1_105' title='bbox 1523 1031 1553 1075; x_wconf 83' lang='grc' dir='ltr'>η</span> 
     </span>
     <span class='ocr_line' id='line_1_13' title="bbox 83 1075 1552 1162; baseline 0.001 -36"><span class='ocrx_word' id='word_1_106' title='bbox 83 1077 134 1126; x_wconf 85' lang='grc' dir='ltr'><strong><em>τὸ</em></strong></span> <span class='ocrx_word' id='word_1_107' title='bbox 167 1083 292 1143; x_wconf 75' lang='grc' dir='ltr'><strong><em>θῆλυ</em></strong></span> <span class='ocrx_word' id='word_1_108' title='bbox 325 1076 470 1162; x_wconf 53' lang='grc' dir='ltr'><strong><em>α’ῤῥεν,</em></strong></span> <span class='ocrx_word' id='word_1_109' title='bbox 505 1075 536 1141; x_wconf 81' lang='grc' dir='ltr'><em>ἢ</em></span> <span class='ocrx_word' id='word_1_110' title='bbox 568 1076 619 1125; x_wconf 81' lang='grc' dir='ltr'><strong><em>τὸ</em></strong></span> <span class='ocrx_word' id='word_1_111' title='bbox 652 1078 816 1140; x_wconf 79' lang='grc' dir='ltr'><strong><em>ιιεταξύ</em></strong></span> <span class='ocrx_word' id='word_1_112' title='bbox 848 1080 1041 1141; x_wconf 77' lang='grc' dir='ltr'><strong><em>θάτερον</em></strong></span> <span class='ocrx_word' id='word_1_113' title='bbox 1065 1081 1251 1138; x_wconf 86' lang='grc' dir='ltr'><strong><em>τούτων,</em></strong></span> <span class='ocrx_word' id='word_1_114' title='bbox 1285 1078 1319 1142; x_wconf 80' lang='grc' dir='ltr'><em>ἢ</em></span> <span class='ocrx_word' id='word_1_115' title='bbox 1343 1079 1479 1126; x_wconf 86' lang='grc' dir='ltr'><strong><em>πάλιν</em></strong></span> <span class='ocrx_word' id='word_1_116' title='bbox 1500 1078 1552 1127; x_wconf 82' lang='grc' dir='ltr'><strong><em>τὸ</em></strong></span> 
     </span>
     <span class='ocr_line' id='line_1_14' title="bbox 81 1143 1549 1210; baseline 0 -17"><span class='ocrx_word' id='word_1_117' title='bbox 81 1145 212 1194; x_wconf 80' lang='grc' dir='ltr'><strong><em>ποιὸν</em></strong></span> <span class='ocrx_word' id='word_1_118' title='bbox 244 1144 387 1193; x_wconf 80' lang='grc' dir='ltr'><strong><em>ποσὸν</em></strong></span> <span class='ocrx_word' id='word_1_119' title='bbox 420 1143 451 1209; x_wconf 78' lang='grc' dir='ltr'>ἢ</span> <span class='ocrx_word' id='word_1_120' title='bbox 484 1144 535 1192; x_wconf 86' lang='grc' dir='ltr'><strong><em>τὸ</em></strong></span> <span class='ocrx_word' id='word_1_121' title='bbox 569 1145 716 1194; x_wconf 80' lang='grc' dir='ltr'><strong><em>ποσόν</em></strong></span> <span class='ocrx_word' id='word_1_122' title='bbox 741 1146 896 1205; x_wconf 89' lang='grc' dir='ltr'><strong><em>ποιόν,</em></strong></span> <span class='ocrx_word' id='word_1_123' title='bbox 933 1146 966 1210; x_wconf 77' lang='grc' dir='ltr'><em>ἢ</em></span> <span class='ocrx_word' id='word_1_124' title='bbox 993 1146 1046 1194; x_wconf 83' lang='grc' dir='ltr'><strong><em>τὸ</em></strong></span> <span class='ocrx_word' id='word_1_125' title='bbox 1067 1152 1234 1195; x_wconf 79' lang='grc' dir='ltr'><strong><em>ποιοῦν</em></strong></span> <span class='ocrx_word' id='word_1_126' title='bbox 1252 1148 1425 1208; x_wconf 85' lang='grc' dir='ltr'><strong><em>πάσχον</em></strong></span> <span class='ocrx_word' id='word_1_127' title='bbox 1445 1145 1476 1210; x_wconf 83' lang='grc' dir='ltr'>ἢ</span> <span class='ocrx_word' id='word_1_128' title='bbox 1496 1145 1549 1193; x_wconf 74' lang='lat' dir='ltr'><strong><em>vd</em></strong></span> 
     </span>
     <span class='ocr_line' id='line_1_15' title="bbox 83 1207 1549 1278; baseline 0.001 -17"><span class='ocrx_word' id='word_1_129' title='bbox 83 1215 354 1274; x_wconf 74' lang='grc' dir='ltr'><strong><em>διακείμενον</em></strong></span> <span class='ocrx_word' id='word_1_130' title='bbox 389 1218 553 1270; x_wconf 84' lang='grc' dir='ltr'><strong><em>ποιεῖν,</em></strong></span> <span class='ocrx_word' id='word_1_131' title='bbox 598 1215 673 1260; x_wconf 76' lang='grc' dir='ltr'><strong><em>καὶ</em></strong></span> <span class='ocrx_word' id='word_1_132' title='bbox 717 1207 856 1260; x_wconf 77' lang='grc' dir='ltr'><strong><em>τᾶλλα</em></strong></span> <span class='ocrx_word' id='word_1_133' title='bbox 900 1213 953 1272; x_wconf 91' lang='grc' dir='ltr'><strong><em>δ’,</em></strong></span> <span class='ocrx_word' id='word_1_134' title='bbox 988 1213 1049 1272; x_wconf 75' lang='grc' dir='ltr'><strong><em>ὥς</em></strong></span> <span class='ocrx_word' id='word_1_135' title='bbox 1083 1214 1288 1278; x_wconf 79' lang='grc' dir='ltr'><strong><em>διήρηται</em></strong></span> <span class='ocrx_word' id='word_1_136' title='bbox 1322 1214 1549 1276; x_wconf 87' lang='grc' dir='ltr'><strong><em>πρότερον.</em></strong></span> 
     </span>
     <span class='ocr_line' id='line_1_16' title="bbox 81 1279 1601 1346; baseline -0.001 -18"><span class='ocrx_word' id='word_1_137' title='bbox 81 1282 170 1328; x_wconf 87' lang='grc' dir='ltr'><strong><em>έστι</em></strong></span> <span class='ocrx_word' id='word_1_138' title='bbox 189 1300 272 1344; x_wconf 88' lang='grc' dir='ltr'><strong><em>γαρ</em></strong></span> <span class='ocrx_word' id='word_1_139' title='bbox 294 1279 346 1327; x_wconf 81' lang='grc' dir='ltr'><strong><em>τὸ</em></strong></span> <span class='ocrx_word' id='word_1_140' title='bbox 367 1279 428 1343; x_wconf 86' lang='grc' dir='ltr'><strong><em>μὴ</em></strong></span> <span class='ocrx_word' id='word_1_141' title='bbox 450 1285 538 1327; x_wconf 77' lang='grc' dir='ltr'><strong><em>τῶν</em></strong></span> <span class='ocrx_word' id='word_1_142' title='bbox 556 1286 698 1328; x_wconf 88' lang='grc' dir='ltr'><strong><em>ποιεῖν</em></strong></span> <span class='ocrx_word' id='word_1_143' title='bbox 723 1280 775 1329; x_wconf 79' lang='grc' dir='ltr'><strong><em>ὂν</em></strong></span> <span class='ocrx_word' id='word_1_144' title='bbox 795 1280 860 1339; x_wconf 78' lang='grc' dir='ltr'><strong><em>ὦς</em></strong></span> <span class='ocrx_word' id='word_1_145' title='bbox 880 1300 972 1329; x_wconf 83' lang='grc' dir='ltr'><strong><em>των</em></strong></span> <span class='ocrx_word' id='word_1_146' title='bbox 1001 1289 1142 1330; x_wconf 80' lang='grc' dir='ltr'><strong><em>ποιεῖν</em></strong></span> <span class='ocrx_word' id='word_1_147' title='bbox 1169 1301 1210 1329; x_wconf 87' lang='grc' dir='ltr'><strong><em>τι</em></strong></span> <span class='ocrx_word' id='word_1_148' title='bbox 1241 1301 1294 1344; x_wconf 79' lang='grc' dir='ltr'><strong><em>τη</em></strong></span> <span class='ocrx_word' id='word_1_149' title='bbox 1326 1281 1434 1338; x_wconf 80' lang='grc' dir='ltr'><strong><em>λέξει</em></strong></span> <span class='ocrx_word' id='word_1_150' title='bbox 1463 1294 1549 1346; x_wconf 84' lang='grc' dir='ltr'><strong><em>ση-</em></strong></span> <span class='ocrx_word' id='word_1_151' title='bbox 1567 1299 1601 1327; x_wconf 83' lang='grc'><strong><em>15</em></strong></span> 
     </span>
     <span class='ocr_line' id='line_1_17' title="bbox 81 1345 1551 1416; baseline 0 -20"><span class='ocrx_word' id='word_1_152' title='bbox 81 1350 261 1410; x_wconf 88' lang='grc' dir='ltr'><strong><em>μαί.νειν</em></strong></span> <span class='ocrx_word' id='word_1_153' title='bbox 306 1345 402 1395; x_wconf 81' lang='grc' dir='ltr'><strong><em>οἷον</em></strong></span> <span class='ocrx_word' id='word_1_154' title='bbox 434 1347 487 1394; x_wconf 86' lang='grc' dir='ltr'><strong><em>τὸ</em></strong></span> <span class='ocrx_word' id='word_1_155' title='bbox 523 1346 738 1410; x_wconf 75' lang='grc' dir='ltr'><strong><em>νγιαίνειν</em></strong></span> <span class='ocrx_word' id='word_1_156' title='bbox 772 1348 936 1410; x_wconf 84' lang='grc' dir='ltr'><strong><em>ὁμοίως</em></strong></span> <span class='ocrx_word' id='word_1_157' title='bbox 968 1354 1030 1416; x_wconf 76' lang='grc' dir='ltr'><strong><em>τῷ</em></strong></span> <span class='ocrx_word' id='word_1_158' title='bbox 1064 1350 1248 1413; x_wconf 84' lang='grc' dir='ltr'><strong><em>σχηιιατι</em></strong></span> <span class='ocrx_word' id='word_1_159' title='bbox 1282 1369 1361 1414; x_wconf 85' lang='grc' dir='ltr'><strong><em>της</em></strong></span> <span class='ocrx_word' id='word_1_160' title='bbox 1393 1348 1551 1408; x_wconf 82' lang='grc' dir='ltr'><strong><em>λέξεως</em></strong></span> 
     </span>
     <span class='ocr_line' id='line_1_18' title="bbox 81 1414 1551 1482; baseline 0 -18"><span class='ocrx_word' id='word_1_161' title='bbox 81 1417 245 1479; x_wconf 88' lang='grc' dir='ltr'><strong><em>λέγεται</em></strong></span> <span class='ocrx_word' id='word_1_162' title='bbox 277 1420 338 1482; x_wconf 75' lang='grc' dir='ltr'><strong><em>τῷ</em></strong></span> <span class='ocrx_word' id='word_1_163' title='bbox 371 1416 538 1476; x_wconf 80' lang='grc' dir='ltr'><strong><em>τέμνειν</em></strong></span> <span class='ocrx_word' id='word_1_164' title='bbox 571 1414 604 1480; x_wconf 75' lang='grc' dir='ltr'><strong><em>η’</em></strong></span> <span class='ocrx_word' id='word_1_165' title='bbox 639 1418 910 1478; x_wconf 75' lang='grc' dir='ltr'><strong><em>οἰκοδομεῖν·</em></strong></span> <span class='ocrx_word' id='word_1_166' title='bbox 957 1419 1099 1465; x_wconf 77' lang='grc' dir='ltr'><strong><em>καίτοι</em></strong></span> <span class='ocrx_word' id='word_1_167' title='bbox 1141 1416 1193 1465; x_wconf 82' lang='grc' dir='ltr'><strong><em>τὰ</em></strong></span> <span class='ocrx_word' id='word_1_168' title='bbox 1227 1437 1306 1478; x_wconf 87' lang='grc' dir='ltr'><strong><em>μεν</em></strong></span> <span class='ocrx_word' id='word_1_169' title='bbox 1339 1417 1475 1464; x_wconf 89' lang='grc' dir='ltr'><strong><em>ποιόν</em></strong></span> <span class='ocrx_word' id='word_1_170' title='bbox 1508 1436 1551 1464; x_wconf 89' lang='grc' dir='ltr'><strong><em>τι</em></strong></span> 
     </span>
     <span class='ocr_line' id='line_1_19' title="bbox 79 1482 1550 1570; baseline 0.001 -39"><span class='ocrx_word' id='word_1_171' title='bbox 79 1487 154 1531; x_wconf 77' lang='grc' dir='ltr'><strong><em>καὶ</em></strong></span> <span class='ocrx_word' id='word_1_172' title='bbox 187 1483 460 1570; x_wconf 82' lang='grc' dir='ltr'><strong><em>διακείμενόν</em></strong></span> <span class='ocrx_word' id='word_1_173' title='bbox 493 1498 587 1541; x_wconf 80' lang='grc' dir='ltr'><strong><em>πως</em></strong></span> <span class='ocrx_word' id='word_1_174' title='bbox 621 1488 763 1547; x_wconf 87' lang='grc' dir='ltr'><strong><em>δηλοῖ,</em></strong></span> <span class='ocrx_word' id='word_1_175' title='bbox 797 1482 848 1531; x_wconf 84' lang='grc' dir='ltr'><strong><em>τὸ</em></strong></span> <span class='ocrx_word' id='word_1_176' title='bbox 883 1486 930 1532; x_wconf 74' lang='grc' dir='ltr'><strong><em>δὲ</em></strong></span> <span class='ocrx_word' id='word_1_177' title='bbox 964 1491 1108 1534; x_wconf 82' lang='grc' dir='ltr'><strong><em>ποιεῖν</em></strong></span> <span class='ocrx_word' id='word_1_178' title='bbox 1137 1505 1191 1532; x_wconf 91' lang='grc' dir='ltr'><strong><em>τι.</em></strong></span> <span class='ocrx_word' id='word_1_179' title='bbox 1237 1484 1319 1532; x_wconf 82' lang='grc' dir='ltr'><strong><em>τὸν</em></strong></span> <span class='ocrx_word' id='word_1_180' title='bbox 1341 1483 1482 1532; x_wconf 77' lang='grc' dir='ltr'><strong><em>αὐτὸν</em></strong></span> <span class='ocrx_word' id='word_1_181' title='bbox 1502 1486 1550 1532; x_wconf 74' lang='grc' dir='ltr'><strong><em>δὲ</em></strong></span> 
     </span>
     <span class='ocr_line' id='line_1_20' title="bbox 80 1550 1618 1614; baseline -0.003 -15"><span class='ocrx_word' id='word_1_182' title='bbox 80 1551 249 1614; x_wconf 88' lang='grc' dir='ltr'><strong><em>τροπον</em></strong></span> <span class='ocrx_word' id='word_1_183' title='bbox 266 1553 340 1598; x_wconf 77' lang='grc' dir='ltr'><strong><em>καὶ</em></strong></span> <span class='ocrx_word' id='word_1_184' title='bbox 366 1552 435 1597; x_wconf 79' lang='grc' dir='ltr'><strong><em>ἐπὶ</em></strong></span> <span class='ocrx_word' id='word_1_185' title='bbox 454 1555 541 1597; x_wconf 81' lang='grc' dir='ltr'><strong><em>τῶν</em></strong></span> <span class='ocrx_word' id='word_1_186' title='bbox 562 1550 718 1598; x_wconf 78' lang='grc' dir='ltr'><strong><em>ἄλλων.</em></strong></span> <span class='ocrx_word' id='word_1_187' title='bbox 1616 1551 1618 1553; x_wconf 63' lang='grc'><strong><em>’</em></strong></span> 
     </span>
    </p>

    <p class='ocr_par' dir='ltr' id='par_1_4' title="bbox 76 1616 1599 2154">
     <span class='ocr_line' id='line_1_21' title="bbox 187 1616 1599 1704; baseline -0.002 -39"><span class='ocrx_word' id='word_1_188' title='bbox 187 1620 242 1665; x_wconf 79' lang='grc' dir='ltr'><strong><em>Οἱ</em></strong></span> <span class='ocrx_word' id='word_1_189' title='bbox 265 1620 343 1704; x_wconf 67' lang='grc' dir='ltr'><strong><em>μὲν</em></strong></span> <span class='ocrx_word' id='word_1_190' title='bbox 365 1619 452 1664; x_wconf 74' lang='grc' dir='ltr'><strong><em>οὐν</em></strong></span> <span class='ocrx_word' id='word_1_191' title='bbox 475 1617 595 1678; x_wconf 90' lang='grc' dir='ltr'><strong><em>παρα</em></strong></span> <span class='ocrx_word' id='word_1_192' title='bbox 626 1616 707 1681; x_wconf 85' lang='grc' dir='ltr'><strong><em>τὴν</em></strong></span> <span class='ocrx_word' id='word_1_193' title='bbox 735 1616 851 1673; x_wconf 81' lang='grc' dir='ltr'><strong><em>λέξιν</em></strong></span> <span class='ocrx_word' id='word_1_194' title='bbox 881 1618 1045 1680; x_wconf 74' lang='grc' dir='ltr'><strong><em>ἔλεγχοι</em></strong></span> <span class='ocrx_word' id='word_1_195' title='bbox 1074 1619 1121 1665; x_wconf 74' lang='grc' dir='ltr'><strong><em>ἐκ</em></strong></span> <span class='ocrx_word' id='word_1_196' title='bbox 1145 1618 1316 1666; x_wconf 81' lang='grc' dir='ltr'><strong><em>τούτων</em></strong></span> <span class='ocrx_word' id='word_1_197' title='bbox 1342 1623 1430 1666; x_wconf 78' lang='grc' dir='ltr'><strong><em>τῶν</em></strong></span> <span class='ocrx_word' id='word_1_198' title='bbox 1467 1617 1547 1665; x_wconf 72' lang='grc' dir='ltr'><strong><em>τό·</em></strong></span> <span class='ocrx_word' id='word_1_199' title='bbox 1567 1616 1599 1662; x_wconf 82' lang='lat'>5</span> 
     </span>
     <span class='ocr_line' id='line_1_22' title="bbox 78 1684 1596 1752; baseline -0.003 -19"><span class='ocrx_word' id='word_1_200' title='bbox 78 1700 175 1733; x_wconf 86' lang='grc' dir='ltr'><strong><em>πων</em></strong></span> <span class='ocrx_word' id='word_1_201' title='bbox 197 1687 326 1733; x_wconf 82' lang='grc' dir='ltr'><strong><em>εἰσίν·</em></strong></span> <span class='ocrx_word' id='word_1_202' title='bbox 361 1690 448 1732; x_wconf 78' lang='grc' dir='ltr'><strong><em>τῶν</em></strong></span> <span class='ocrx_word' id='word_1_203' title='bbox 482 1684 521 1731; x_wconf 85' lang='grc' dir='ltr'><strong><em>δ’</em></strong></span> <span class='ocrx_word' id='word_1_204' title='bbox 555 1684 633 1741; x_wconf 80' lang='grc' dir='ltr'><strong><em>ε’ξω</em></strong></span> <span class='ocrx_word' id='word_1_205' title='bbox 666 1690 748 1749; x_wconf 76' lang='grc' dir='ltr'><strong><em>τῆς</em></strong></span> <span class='ocrx_word' id='word_1_206' title='bbox 770 1684 925 1744; x_wconf 80' lang='grc' dir='ltr'><strong><em>λέξεως</em></strong></span> <span class='ocrx_word' id='word_1_207' title='bbox 947 1690 1291 1752; x_wconf 84' lang='grc' dir='ltr'><strong><em>παραλογισμῶν</em></strong></span> <span class='ocrx_word' id='word_1_208' title='bbox 1317 1689 1412 1750; x_wconf 77' lang='grc' dir='ltr'><strong><em>εἴδη</em></strong></span> <span class='ocrx_word' id='word_1_209' title='bbox 1431 1686 1547 1733; x_wconf 80' lang='grc' dir='ltr'><strong><em>ἐστὶν</em></strong></span> <span class='ocrx_word' id='word_1_210' title='bbox 1562 1701 1596 1729; x_wconf 81' lang='lat'><strong><em>21</em></strong></span> 
     </span>
     <span class='ocr_line' id='line_1_23' title="bbox 79 1750 1548 1817; baseline -0.001 -17"><span class='ocrx_word' id='word_1_211' title='bbox 79 1753 206 1809; x_wconf 88' lang='grc' dir='ltr'><strong><em>επτά,</em></strong></span> <span class='ocrx_word' id='word_1_212' title='bbox 237 1755 287 1800; x_wconf 81' lang='grc' dir='ltr'><strong><em>ὲν</em></strong></span> <span class='ocrx_word' id='word_1_213' title='bbox 315 1772 393 1814; x_wconf 86' lang='grc' dir='ltr'><strong><em>μεν</em></strong></span> <span class='ocrx_word' id='word_1_214' title='bbox 422 1750 542 1813; x_wconf 82' lang='grc' dir='ltr'><strong><em>παρά</em></strong></span> <span class='ocrx_word' id='word_1_215' title='bbox 569 1752 621 1800; x_wconf 88' lang='grc' dir='ltr'><strong><em>τὸ</em></strong></span> <span class='ocrx_word' id='word_1_216' title='bbox 643 1752 946 1817; x_wconf 84' lang='grc' dir='ltr'><strong><em>συμβεβηκός,</em></strong></span> <span class='ocrx_word' id='word_1_217' title='bbox 991 1754 1198 1815; x_wconf 81' lang='grc' dir='ltr'><strong><em>δεύτερον</em></strong></span> <span class='ocrx_word' id='word_1_218' title='bbox 1231 1755 1278 1801; x_wconf 93' lang='grc' dir='ltr'><strong><em>δε</em></strong></span> <span class='ocrx_word' id='word_1_219' title='bbox 1308 1752 1361 1801; x_wconf 82' lang='grc' dir='ltr'><strong><em>τὸ</em></strong></span> <span class='ocrx_word' id='word_1_220' title='bbox 1396 1751 1548 1811; x_wconf 78' lang='grc' dir='ltr'><strong><em>απλῶς</em></strong></span> 
     </span>
     <span class='ocr_line' id='line_1_24' title="bbox 78 1818 1544 1885; baseline -0.001 -17"><span class='ocrx_word' id='word_1_221' title='bbox 78 1818 112 1884; x_wconf 75' lang='grc' dir='ltr'><em>ἢ</em></span> <span class='ocrx_word' id='word_1_222' title='bbox 137 1820 198 1884; x_wconf 84' lang='grc' dir='ltr'><strong><em>μὴ</em></strong></span> <span class='ocrx_word' id='word_1_223' title='bbox 231 1820 384 1878; x_wconf 79' lang='grc' dir='ltr'><strong><em>ἃπλως</em></strong></span> <span class='ocrx_word' id='word_1_224' title='bbox 417 1819 529 1866; x_wconf 74' lang='grc' dir='ltr'><strong><em>ἄλλά</em></strong></span> <span class='ocrx_word' id='word_1_225' title='bbox 559 1825 623 1882; x_wconf 81' lang='grc' dir='ltr'><strong><em>πῇ</em></strong></span> <span class='ocrx_word' id='word_1_226' title='bbox 655 1818 685 1884; x_wconf 80' lang='grc' dir='ltr'><em>ἢ</em></span> <span class='ocrx_word' id='word_1_227' title='bbox 715 1825 810 1867; x_wconf 82' lang='grc' dir='ltr'><strong><em>ποῦ</em></strong></span> <span class='ocrx_word' id='word_1_228' title='bbox 840 1818 874 1883; x_wconf 84' lang='grc' dir='ltr'><em>ἣ</em></span> <span class='ocrx_word' id='word_1_229' title='bbox 907 1823 1014 1868; x_wconf 89' lang='grc' dir='ltr'><strong><em>ποτε</em></strong></span> <span class='ocrx_word' id='word_1_230' title='bbox 1041 1819 1072 1885; x_wconf 79' lang='grc' dir='ltr'><em>ἢ</em></span> <span class='ocrx_word' id='word_1_231' title='bbox 1105 1821 1220 1883; x_wconf 89' lang='grc' dir='ltr'><strong><em>πρός</em></strong></span> <span class='ocrx_word' id='word_1_232' title='bbox 1248 1840 1289 1868; x_wconf 91' lang='grc' dir='ltr'><strong><em>τι</em></strong></span> <span class='ocrx_word' id='word_1_233' title='bbox 1322 1822 1544 1884; x_wconf 82' lang='grc' dir='ltr'><strong><em>λέγεσθαι,</em></strong></span> 
     </span>
     <span class='ocr_line' id='line_1_25' title="bbox 77 1886 1541 1951; baseline 0 -16"><span class='ocrx_word' id='word_1_234' title='bbox 77 1890 224 1948; x_wconf 89' lang='grc' dir='ltr'><strong><em>τρίτον</em></strong></span> <span class='ocrx_word' id='word_1_235' title='bbox 245 1891 291 1936; x_wconf 88' lang='grc' dir='ltr'><strong><em>δε</em></strong></span> <span class='ocrx_word' id='word_1_236' title='bbox 313 1886 365 1935; x_wconf 87' lang='grc' dir='ltr'>τὸ</span> <span class='ocrx_word' id='word_1_237' title='bbox 386 1886 505 1948; x_wconf 83' lang='grc' dir='ltr'><strong><em>παρὰ</em></strong></span> <span class='ocrx_word' id='word_1_238' title='bbox 530 1886 611 1951; x_wconf 79' lang='grc' dir='ltr'><strong><em>τὴν</em></strong></span> <span class='ocrx_word' id='word_1_239' title='bbox 634 1893 719 1935; x_wconf 81' lang='grc' dir='ltr'><strong><em>τοῦ</em></strong></span> <span class='ocrx_word' id='word_1_240' title='bbox 740 1887 972 1950; x_wconf 76' lang='grc' dir='ltr'><strong><em>ἑλέγχου”</em></strong></span> <span class='ocrx_word' id='word_1_241' title='bbox 943 1908 1150 1951; x_wconf 82' lang='grc' dir='ltr'><strong><em>αγνοιαν,</em></strong></span> <span class='ocrx_word' id='word_1_242' title='bbox 1190 1889 1398 1948; x_wconf 88' lang='grc' dir='ltr'><strong><em>τέταρτον</em></strong></span> <span class='ocrx_word' id='word_1_243' title='bbox 1418 1890 1465 1935; x_wconf 87' lang='grc' dir='ltr'><strong><em>δε</em></strong></span> <span class='ocrx_word' id='word_1_244' title='bbox 1489 1886 1541 1935; x_wconf 81' lang='grc' dir='ltr'><strong><em>τό</em></strong></span> 
     </span>
     <span class='ocr_line' id='line_1_26' title="bbox 76 1953 1594 2042; baseline -0.002 -39"><span class='ocrx_word' id='word_1_245' title='bbox 76 1955 198 2017; x_wconf 80' lang='grc' dir='ltr'><strong><em>παρὰ</em></strong></span> <span class='ocrx_word' id='word_1_246' title='bbox 223 1955 276 2003; x_wconf 82' lang='grc' dir='ltr'><strong><em>τὸ</em></strong></span> <span class='ocrx_word' id='word_1_247' title='bbox 305 1954 516 2016; x_wconf 72' lang='grc' dir='ltr'><strong><em>ἑπόμενον</em></strong></span> <span class='ocrx_word' id='word_1_248' title='bbox 532 1991 544 2012; x_wconf 92' lang='grc'><strong><em>,</em></strong></span> <span class='ocrx_word' id='word_1_249' title='bbox 589 1956 786 2042; x_wconf 81' lang='grc' dir='ltr'><strong><em>πέμπτον</em></strong></span> <span class='ocrx_word' id='word_1_250' title='bbox 811 1957 858 2002; x_wconf 77' lang='grc' dir='ltr'><strong><em>δὲ</em></strong></span> <span class='ocrx_word' id='word_1_251' title='bbox 886 1953 937 2002; x_wconf 84' lang='grc' dir='ltr'><strong><em>τὸ</em></strong></span> <span class='ocrx_word' id='word_1_252' title='bbox 969 1954 1090 2017; x_wconf 81' lang='grc' dir='ltr'><strong><em>παρά</em></strong></span> <span class='ocrx_word' id='word_1_253' title='bbox 1123 1955 1177 2003; x_wconf 84' lang='grc' dir='ltr'><strong><em>τὸ</em></strong></span> <span class='ocrx_word' id='word_1_254' title='bbox 1211 1957 1257 2004; x_wconf 80' lang='grc' dir='ltr'><strong><em>ἐν</em></strong></span> <span class='ocrx_word' id='word_1_255' title='bbox 1285 1955 1397 2018; x_wconf 79' lang='grc' dir='ltr'><strong><em>άρχῇ</em></strong></span> <span class='ocrx_word' id='word_1_256' title='bbox 1431 1960 1542 2017; x_wconf 81' lang='grc' dir='ltr'><strong><em>λαμ·</em></strong></span> <span class='ocrx_word' id='word_1_257' title='bbox 1559 1971 1594 1999; x_wconf 79' lang='lat'><strong><em>25</em></strong></span> 
     </span>
     <span class='ocr_line' id='line_1_27' title="bbox 76 2021 1545 2087; baseline 0 -17"><span class='ocrx_word' id='word_1_258' title='bbox 76 2023 244 2084; x_wconf 87' lang='grc' dir='ltr'><strong><em>βάνειν,</em></strong></span> <span class='ocrx_word' id='word_1_259' title='bbox 288 2024 414 2070; x_wconf 81' lang='grc' dir='ltr'><strong><em>ε’κτον</em></strong></span> <span class='ocrx_word' id='word_1_260' title='bbox 434 2025 481 2070; x_wconf 91' lang='grc' dir='ltr'><strong><em>δε</em></strong></span> <span class='ocrx_word' id='word_1_261' title='bbox 512 2021 565 2070; x_wconf 83' lang='grc' dir='ltr'><strong><em>τὸ</em></strong></span> <span class='ocrx_word' id='word_1_262' title='bbox 596 2021 656 2087; x_wconf 86' lang='grc' dir='ltr'><strong><em>μὴ</em></strong></span> <span class='ocrx_word' id='word_1_263' title='bbox 690 2025 831 2070; x_wconf 85' lang='grc' dir='ltr'><strong><em>αι’τιον</em></strong></span> <span class='ocrx_word' id='word_1_264' title='bbox 860 2042 921 2081; x_wconf 86' lang='grc' dir='ltr'><strong><em>ως</em></strong></span> <span class='ocrx_word' id='word_1_265' title='bbox 950 2026 1090 2071; x_wconf 81' lang='grc' dir='ltr'><strong><em>αἴτιον</em></strong></span> <span class='ocrx_word' id='word_1_266' title='bbox 1117 2024 1312 2083; x_wconf 76' lang='grc' dir='ltr'><strong><em>τιθέναι,</em></strong></span> <span class='ocrx_word' id='word_1_267' title='bbox 1356 2025 1545 2085; x_wconf 75' lang='grc' dir='ltr'><strong><em>ἕβδομον</em></strong></span> 
     </span>
     <span class='ocr_line' id='line_1_28' title="bbox 77 2090 936 2159; baseline -0.001 -21"><span class='ocrx_word' id='word_1_268' title='bbox 77 2093 124 2138; x_wconf 87' lang='grc' dir='ltr'><strong><em>δε</em></strong></span> <span class='ocrx_word' id='word_1_269' title='bbox 144 2090 197 2138; x_wconf 87' lang='grc' dir='ltr'><strong><em>τό</em></strong></span> <span class='ocrx_word' id='word_1_270' title='bbox 219 2110 272 2138; x_wconf 86' lang='grc' dir='ltr'><strong><em>τα</em></strong></span> <span class='ocrx_word' id='word_1_271' title='bbox 291 2092 425 2138; x_wconf 87' lang='grc' dir='ltr'><strong><em>πλείω</em></strong></span> <span class='ocrx_word' id='word_1_272' title='bbox 428 2090 736 2159; x_wconf 69' lang='grc' dir='ltr'><strong><em>ἐρωτήματα“</em></strong></span> <span class='ocrx_word' id='word_1_273' title='bbox 717 2109 763 2137; x_wconf 90' lang='grc' dir='ltr'><strong><em>εν</em></strong></span> <span class='ocrx_word' id='word_1_274' title='bbox 781 2096 936 2137; x_wconf 85' lang='grc' dir='ltr'><strong><em>ποιεῖν.</em></strong></span> 
     </span>
    </p>

    <p class='ocr_par' dir='ltr' id='par_1_5' title="bbox 75 2155 1542 2423">
     <span class='ocr_line' id='line_1_29' title="bbox 184 2155 1542 2243; baseline -0.001 -38"><span class='ocrx_word' id='word_1_275' title='bbox 184 2160 240 2205; x_wconf 76' lang='grc' dir='ltr'><strong><em>Οἳ</em></strong></span> <span class='ocrx_word' id='word_1_276' title='bbox 273 2177 353 2219; x_wconf 88' lang='grc' dir='ltr'><strong><em>μεν</em></strong></span> <span class='ocrx_word' id='word_1_277' title='bbox 386 2160 473 2204; x_wconf 86' lang='grc' dir='ltr'><strong><em>οὐν</em></strong></span> <span class='ocrx_word' id='word_1_278' title='bbox 506 2157 625 2219; x_wconf 82' lang='grc' dir='ltr'><strong><em>παρὰ</em></strong></span> <span class='ocrx_word' id='word_1_279' title='bbox 657 2156 709 2205; x_wconf 81' lang='grc' dir='ltr'><strong><em>τὸ</em></strong></span> <span class='ocrx_word' id='word_1_280' title='bbox 746 2155 1026 2220; x_wconf 80' lang='grc' dir='ltr'><strong><em>συμβεβηκὸς</em></strong></span> <span class='ocrx_word' id='word_1_281' title='bbox 1059 2157 1388 2243; x_wconf 81' lang='grc' dir='ltr'><strong><em>παραλογισμοί</em></strong></span> <span class='ocrx_word' id='word_1_282' title='bbox 1419 2158 1542 2217; x_wconf 85' lang='grc' dir='ltr'><strong><em>εἰσιν,</em></strong></span> 
     </span>
     <span class='ocr_line' id='line_1_30' title="bbox 76 2223 1542 2308; baseline -0.001 -37"><span class='ocrx_word' id='word_1_283' title='bbox 76 2244 183 2272; x_wconf 92' lang='grc' dir='ltr'><strong><em>οταν</em></strong></span> <span class='ocrx_word' id='word_1_284' title='bbox 218 2224 386 2286; x_wconf 87' lang='grc' dir='ltr'><strong><em>ὁμοίως</em></strong></span> <span class='ocrx_word' id='word_1_285' title='bbox 431 2223 588 2272; x_wconf 79' lang='grc' dir='ltr'><strong><em>ὁτιοῦν</em></strong></span> <span class='ocrx_word' id='word_1_286' title='bbox 624 2223 795 2285; x_wconf 75' lang='grc' dir='ltr'><strong><em>άξιωθῇ</em></strong></span> <span class='ocrx_word' id='word_1_287' title='bbox 827 2228 888 2290; x_wconf 76' lang='grc' dir='ltr'><strong><em>τῷ</em></strong></span> <span class='ocrx_word' id='word_1_288' title='bbox 921 2224 1139 2308; x_wconf 79' lang='grc' dir='ltr'><strong><em>πράγματι</em></strong></span> <span class='ocrx_word' id='word_1_289' title='bbox 1173 2226 1248 2271; x_wconf 81' lang='grc' dir='ltr'><strong><em>καὶ</em></strong></span> <span class='ocrx_word' id='word_1_290' title='bbox 1280 2228 1343 2290; x_wconf 78' lang='grc' dir='ltr'><strong><em>τῷ</em></strong></span> <span class='ocrx_word' id='word_1_291' title='bbox 1377 2228 1542 2285; x_wconf 84' lang='grc' dir='ltr'><strong><em>συμβε-</em></strong></span> 
     </span>
     <span class='ocr_line' id='line_1_31' title="bbox 75 2290 1594 2361; baseline 0.001 -23"><span class='ocrx_word' id='word_1_292' title='bbox 75 2292 234 2355; x_wconf 81' lang='grc' dir='ltr'><strong><em>βηκότι</em></strong></span> <span class='ocrx_word' id='word_1_293' title='bbox 267 2290 492 2352; x_wconf 81' lang='grc' dir='ltr'><strong><em>ὑπάρχειν.</em></strong></span> <span class='ocrx_word' id='word_1_294' title='bbox 559 2292 648 2339; x_wconf 74' lang='grc' dir='ltr'><strong><em>ἐπεὶ</em></strong></span> <span class='ocrx_word' id='word_1_295' title='bbox 694 2290 776 2354; x_wconf 81' lang='grc' dir='ltr'><strong><em>γὰρ</em></strong></span> <span class='ocrx_word' id='word_1_296' title='bbox 818 2296 880 2357; x_wconf 77' lang='grc' dir='ltr'><strong><em>τῷ</em></strong></span> <span class='ocrx_word' id='word_1_297' title='bbox 915 2290 1036 2358; x_wconf 77' lang='grc' dir='ltr'><strong><em>αὐτῷ</em></strong></span> <span class='ocrx_word' id='word_1_298' title='bbox 1070 2290 1216 2339; x_wconf 88' lang='grc' dir='ltr'><strong><em>πολλα</em></strong></span> <span class='ocrx_word' id='word_1_299' title='bbox 1252 2292 1594 2361; x_wconf 74' lang='grc' dir='ltr'><strong><em>συμβέβηκεν,80</em></strong></span> 
     </span>
     <span class='ocr_line' id='line_1_32' title="bbox 76 2358 1540 2423; baseline -0.001 -16"><span class='ocrx_word' id='word_1_300' title='bbox 76 2359 163 2408; x_wconf 79' lang='grc' dir='ltr'><strong><em>οὐκ</em></strong></span> <span class='ocrx_word' id='word_1_301' title='bbox 186 2358 353 2422; x_wconf 71' lang='grc' dir='ltr'><strong><em>ἀνάγκη</em></strong></span> <span class='ocrx_word' id='word_1_302' title='bbox 375 2363 484 2406; x_wconf 79' lang='grc' dir='ltr'><strong><em>πᾶσι</em></strong></span> <span class='ocrx_word' id='word_1_303' title='bbox 504 2365 597 2417; x_wconf 87' lang='grc' dir='ltr'><strong><em>τοῖς</em></strong></span> <span class='ocrx_word' id='word_1_304' title='bbox 616 2360 1033 2423; x_wconf 75' lang='grc' dir='ltr'><strong><em>κατηγορουμένοις,</em></strong></span> <span class='ocrx_word' id='word_1_305' title='bbox 1055 2361 1131 2406; x_wconf 80' lang='grc' dir='ltr'><strong><em>καὶ</em></strong></span> <span class='ocrx_word' id='word_1_306' title='bbox 1149 2358 1254 2406; x_wconf 75' lang='grc' dir='ltr'><strong><em>καθ’</em></strong></span> <span class='ocrx_word' id='word_1_307' title='bbox 1271 2361 1330 2406; x_wconf 79' lang='grc' dir='ltr'><strong><em>οὐ</em></strong></span> <span class='ocrx_word' id='word_1_308' title='bbox 1350 2377 1540 2422; x_wconf 75' lang='grc' dir='ltr'><strong><em>κατηγο-</em></strong></span> 
     </span>
    </p>
   </div>
   <div class='ocr_carea' id='block_1_3' title="bbox 75 2425 1542 2489">
    <p class='ocr_par' dir='ltr' id='par_1_6' title="bbox 75 2425 1542 2489">
     <span class='ocr_line' id='line_1_33' title="bbox 75 2425 1542 2489; baseline 0 -15"><span class='ocrx_word' id='word_1_309' title='bbox 75 2433 225 2488; x_wconf 80' lang='grc' dir='ltr'><strong><em>ρεῖται,</em></strong></span> <span class='ocrx_word' id='word_1_310' title='bbox 267 2431 408 2474; x_wconf 83' lang='grc' dir='ltr'><strong><em>ταῦτα</em></strong></span> <span class='ocrx_word' id='word_1_311' title='bbox 439 2425 583 2474; x_wconf 86' lang='grc' dir='ltr'><strong><em>πάντα</em></strong></span> <span class='ocrx_word' id='word_1_312' title='bbox 613 2425 845 2489; x_wconf 75' lang='grc' dir='ltr'><strong><em>ὑπάρχειν.</em></strong></span> <span class='ocrx_word' id='word_1_313' title='bbox 901 2433 999 2475; x_wconf 82' lang='grc' dir='ltr'><strong><em>οἱον</em></strong></span> <span class='ocrx_word' id='word_1_314' title='bbox 1026 2429 1064 2475; x_wconf 82' lang='grc' dir='ltr'><strong><em>εἰ</em></strong></span> <span class='ocrx_word' id='word_1_315' title='bbox 1093 2426 1119 2475; x_wconf 86' lang='grc' dir='ltr'><em>ὃ</em></span> <span class='ocrx_word' id='word_1_316' title='bbox 1141 2428 1369 2488; x_wconf 84' lang='grc' dir='ltr'><strong><em>Κορίσκος</em></strong></span> <span class='ocrx_word' id='word_1_317' title='bbox 1394 2427 1542 2488; x_wconf 75' lang='grc' dir='ltr'><strong><em>ἕτερον</em></strong></span> 
     </span>
    </p>
   </div>
   <div class='ocr_carea' id='block_1_4' title="bbox 75 2506 336 2514">
    <p class='ocr_par' dir='ltr' id='par_1_7' title="bbox 75 2506 336 2514">
     <span class='ocr_line' id='line_1_34' title="bbox 75 2506 336 2514; baseline 0 0"><span class='ocrx_word' id='word_1_318' title='bbox 75 2506 336 2514; x_wconf 95' lang='lat' dir='ltr'><strong><em> </em></strong></span> 
     </span>
    </p>
   </div>
   <div class='ocr_carea' id='block_1_5' title="bbox 79 2528 1541 2633">
    <p class='ocr_par' dir='ltr' id='par_1_8' title="bbox 79 2528 1541 2624">
     <span class='ocr_line' id='line_1_35' title="bbox 165 2528 1541 2586; baseline 0.001 -22"><span class='ocrx_word' id='word_1_319' title='bbox 165 2531 276 2566; x_wconf 78' lang='lat' dir='ltr'><em>166b1</em></span> <span class='ocrx_word' id='word_1_320' title='bbox 303 2530 387 2585; x_wconf 78' lang='grc' dir='ltr'><strong><em>περὶ</em></strong></span> <span class='ocrx_word' id='word_1_321' title='bbox 416 2533 452 2565; x_wconf 84' lang='grc' dir='ltr'><strong><em>Ἰ“.</em></strong></span> <span class='ocrx_word' id='word_1_322' title='bbox 478 2550 523 2556; x_wconf 92' lang='grc'><strong>-</strong></span> <span class='ocrx_word' id='word_1_323' title='bbox 549 2533 568 2565; x_wconf 85' lang='grc'><strong>4</strong></span> <span class='ocrx_word' id='word_1_324' title='bbox 594 2543 737 2566; x_wconf 84' lang='grc' dir='ltr'><strong><em>ατοπον</em></strong></span> <span class='ocrx_word' id='word_1_325' title='bbox 763 2531 866 2564; x_wconf 81' lang='lat' dir='ltr'><em>ABG.</em></span> <span class='ocrx_word' id='word_1_326' title='bbox 894 2551 937 2557; x_wconf 82' lang='lat'><strong>—</strong></span> <span class='ocrx_word' id='word_1_327' title='bbox 962 2529 1151 2586; x_wconf 75' lang='grc' dir='ltr'><strong><em>εἰρηκότος</em></strong></span> <span class='ocrx_word' id='word_1_328' title='bbox 1175 2533 1218 2571; x_wconf 90' lang='grc' dir='ltr'><strong><em>Β,</em></strong></span> <span class='ocrx_word' id='word_1_329' title='bbox 1245 2543 1287 2575; x_wconf 87' lang='lat' dir='ltr'><strong><em>pr</em></strong></span> <span class='ocrx_word' id='word_1_330' title='bbox 1311 2533 1353 2565; x_wconf 82' lang='lat' dir='ltr'><strong><em>A.</em></strong></span> <span class='ocrx_word' id='word_1_331' title='bbox 1379 2549 1421 2555; x_wconf 92' lang='lat'><strong><em>-—</em></strong></span> <span class='ocrx_word' id='word_1_332' title='bbox 1446 2532 1468 2564; x_wconf 88' lang='lat'>5</span> <span class='ocrx_word' id='word_1_333' title='bbox 1493 2528 1541 2566; x_wconf 82' lang='grc' dir='ltr'><strong><em>ον’</em></strong></span> 
     </span>
     <span class='ocr_line' id='line_1_36' title="bbox 79 2571 1540 2633; baseline -0.001 -23"><span class='ocrx_word' id='word_1_334' title='bbox 79 2577 222 2631; x_wconf 69' lang='lat' dir='ltr'><strong><em>Almus,</em></strong></span> <span class='ocrx_word' id='word_1_335' title='bbox 247 2589 300 2632; x_wconf 83' lang='lat' dir='ltr'><strong><em>pr</em></strong></span> <span class='ocrx_word' id='word_1_336' title='bbox 310 2577 333 2610; x_wconf 81' lang='lat' dir='ltr'><strong><em>i.</em></strong></span> <span class='ocrx_word' id='word_1_337' title='bbox 359 2596 400 2602; x_wconf 87' lang='lat'>—</span> <span class='ocrx_word' id='word_1_338' title='bbox 428 2573 520 2610; x_wconf 68' lang='grc' dir='ltr'><strong><em>αὐτὸ</em></strong></span> <span class='ocrx_word' id='word_1_339' title='bbox 548 2589 603 2610; x_wconf 87' lang='lat' dir='ltr'><strong><em>om</em></strong></span> <span class='ocrx_word' id='word_1_340' title='bbox 633 2579 669 2611; x_wconf 89' lang='lat' dir='ltr'><strong><em>C.</em></strong></span> <span class='ocrx_word' id='word_1_341' title='bbox 695 2596 741 2602; x_wconf 88' lang='lat'><strong><em>-—</em></strong></span> <span class='ocrx_word' id='word_1_342' title='bbox 763 2578 784 2611; x_wconf 87' lang='lat'><strong><em>6</em></strong></span> <span class='ocrx_word' id='word_1_343' title='bbox 811 2571 856 2611; x_wconf 78' lang='grc' dir='ltr'><strong><em>οὗ</em></strong></span> <span class='ocrx_word' id='word_1_344' title='bbox 875 2578 946 2611; x_wconf 86' lang='grc' dir='ltr'><strong><em>ΑΒ.</em></strong></span> <span class='ocrx_word' id='word_1_345' title='bbox 974 2597 1018 2604; x_wconf 83' lang='grc'><strong>-</strong></span> <span class='ocrx_word' id='word_1_346' title='bbox 1042 2577 1252 2633; x_wconf 74' lang='grc' dir='ltr'><strong><em>βαρύτερον</em></strong></span> <span class='ocrx_word' id='word_1_347' title='bbox 1275 2578 1339 2611; x_wconf 83' lang='grc' dir='ltr'><strong><em>καὶ</em></strong></span> <span class='ocrx_word' id='word_1_348' title='bbox 1361 2574 1404 2610; x_wconf 84' lang='grc' dir='ltr'><strong><em>τὸ</em></strong></span> <span class='ocrx_word' id='word_1_349' title='bbox 1423 2578 1483 2610; x_wconf 78' lang='lat'><em>0&#39;1&#39;.</em></span> <span class='ocrx_word' id='word_1_350' title='bbox 1496 2597 1540 2602; x_wconf 88' lang='lat'><em>—</em></span> 
     </span>
    </p>
   </div>
   <div class='ocr_carea' id='block_1_6' title="bbox 78 2619 1541 2814">
    <p class='ocr_par' dir='ltr' id='par_1_9' title="bbox 78 2619 1541 2760">
     <span class='ocr_line' id='line_1_37' title="bbox 80 2619 1541 2676; baseline 0.001 -21"><span class='ocrx_word' id='word_1_351' title='bbox 80 2623 118 2656; x_wconf 89' lang='lat' dir='ltr'><strong><em>ll</em></strong></span> <span class='ocrx_word' id='word_1_352' title='bbox 144 2619 186 2655; x_wconf 86' lang='grc' dir='ltr'><strong><em>τὸ</em></strong></span> <span class='ocrx_word' id='word_1_353' title='bbox 214 2619 304 2656; x_wconf 87' lang='grc' dir='ltr'><strong><em>αυτό</em></strong></span> <span class='ocrx_word' id='word_1_354' title='bbox 335 2623 371 2662; x_wconf 84' lang='lat' dir='ltr'><strong><em>C,</em></strong></span> <span class='ocrx_word' id='word_1_355' title='bbox 394 2621 532 2657; x_wconf 76' lang='grc' dir='ltr'><strong><em>ταύτὸν</em></strong></span> <span class='ocrx_word' id='word_1_356' title='bbox 556 2634 608 2656; x_wconf 88' lang='lat' dir='ltr'><strong><em>cu.</em></strong></span> <span class='ocrx_word' id='word_1_357' title='bbox 632 2642 677 2648; x_wconf 86' lang='lat'><em>-</em></span> <span class='ocrx_word' id='word_1_358' title='bbox 705 2623 744 2655; x_wconf 77' lang='lat'><strong><em>14</em></strong></span> <span class='ocrx_word' id='word_1_359' title='bbox 769 2623 905 2657; x_wconf 85' lang='grc' dir='ltr'><strong><em>ποιοῦν</em></strong></span> <span class='ocrx_word' id='word_1_360' title='bbox 927 2625 992 2658; x_wconf 77' lang='grc' dir='ltr'><strong><em>ιιΤ.</em></strong></span> <span class='ocrx_word' id='word_1_361' title='bbox 1018 2644 1061 2649; x_wconf 91' lang='grc'><strong><em>--</em></strong></span> <span class='ocrx_word' id='word_1_362' title='bbox 1086 2621 1132 2657; x_wconf 82' lang='grc' dir='ltr'><strong><em>τὰ</em></strong></span> <span class='ocrx_word' id='word_1_363' title='bbox 1157 2619 1248 2656; x_wconf 79' lang='grc' dir='ltr'><strong><em>ἄλλα</em></strong></span> <span class='ocrx_word' id='word_1_364' title='bbox 1267 2635 1300 2655; x_wconf 88' lang='lat' dir='ltr'><em>u</em></span> <span class='ocrx_word' id='word_1_365' title='bbox 1324 2641 1370 2646; x_wconf 88' lang='lat'><strong><em>——</em></strong></span> <span class='ocrx_word' id='word_1_366' title='bbox 1394 2621 1541 2676; x_wconf 74' lang='grc' dir='ltr'><strong><em>εἴρηται</em></strong></span> 
     </span>
     <span class='ocr_line' id='line_1_38' title="bbox 78 2665 1538 2724; baseline 0.001 -24"><span class='ocrx_word' id='word_1_367' title='bbox 78 2668 129 2700; x_wconf 81' lang='grc' dir='ltr'><strong><em>Αἰ.</em></strong></span> <span class='ocrx_word' id='word_1_368' title='bbox 156 2665 437 2710; x_wconf 82' lang='grc' dir='ltr'><strong><em>-15τῶνμὴ</em></strong></span> <span class='ocrx_word' id='word_1_369' title='bbox 463 2665 1538 2724; x_wconf 71' lang='grc' dir='ltr'><strong><em>τορτΒ-οντιωςι-16οοιωυ-τωοω</em></strong></span> 
     </span>
     <span class='ocr_line' id='line_1_39' title="bbox 81 2703 1536 2768; baseline 0.001 -22"><span class='ocrx_word' id='word_1_370' title='bbox 81 2714 214 2746; x_wconf 72' lang='lat' dir='ltr'><em>&#39;1³u.-</em></span> <span class='ocrx_word' id='word_1_371' title='bbox 246 2712 286 2744; x_wconf 86' lang='grc'><strong><em>18</em></strong></span> <span class='ocrx_word' id='word_1_372' title='bbox 311 2712 547 2768; x_wconf 78' lang='grc' dir='ltr'><strong><em>δεικνύμενόν</em></strong></span> <span class='ocrx_word' id='word_1_373' title='bbox 576 2715 614 2747; x_wconf 85' lang='grc' dir='ltr'><strong><em>Τ.</em></strong></span> <span class='ocrx_word' id='word_1_374' title='bbox 641 2734 680 2739; x_wconf 95' lang='grc'>-</span> <span class='ocrx_word' id='word_1_375' title='bbox 717 2714 762 2746; x_wconf 73' lang='grc'><strong><em>22</em></strong></span> <span class='ocrx_word' id='word_1_376' title='bbox 787 2710 927 2758; x_wconf 79' lang='grc' dir='ltr'><strong><em>αλλάἦ</em></strong></span> <span class='ocrx_word' id='word_1_377' title='bbox 902 2716 1005 2760; x_wconf 88' lang='grc' dir='ltr'><strong><em>ηπῇ</em></strong></span> <span class='ocrx_word' id='word_1_378' title='bbox 1034 2715 1070 2747; x_wconf 90' lang='lat' dir='ltr'><strong><em>C.</em></strong></span> <span class='ocrx_word' id='word_1_379' title='bbox 1095 2733 1140 2738; x_wconf 96' lang='lat'>—</span> <span class='ocrx_word' id='word_1_380' title='bbox 1169 2715 1214 2748; x_wconf 75' lang='lat'><strong><em>28</em></strong></span> <span class='ocrx_word' id='word_1_381' title='bbox 1238 2703 1471 2768; x_wconf 76' lang='grc' dir='ltr'><strong><em>συλλογισμοί</em></strong></span> <span class='ocrx_word' id='word_1_382' title='bbox 1488 2715 1536 2747; x_wconf 85' lang='grc' dir='ltr'><strong><em>”Β.</em></strong></span> 
     </span>
    </p>

    <p class='ocr_par' dir='ltr' id='par_1_10' title="bbox 78 2756 1538 2814">
     <span class='ocr_line' id='line_1_40' title="bbox 78 2756 1538 2814; baseline 0.002 -24.146"><span class='ocrx_word' id='word_1_383' title='bbox 78 2758 189 2791; x_wconf 70' lang='lat'><strong><em>-29</em></strong></span> <span class='ocrx_word' id='word_1_384' title='bbox 214 2756 414 2812; x_wconf 75' lang='grc' dir='ltr'><strong><em>πράγματι</em></strong></span> <span class='ocrx_word' id='word_1_385' title='bbox 426 2759 479 2804; x_wconf 79' lang='grc' dir='ltr'><strong><em>τῷ</em></strong></span> <span class='ocrx_word' id='word_1_386' title='bbox 502 2756 730 2814; x_wconf 73' lang='grc' dir='ltr'><strong><em>ὑποκειμένῳ</em></strong></span> <span class='ocrx_word' id='word_1_387' title='bbox 755 2759 819 2794; x_wconf 76' lang='grc' dir='ltr'><strong><em>καὶ</em></strong></span> <span class='ocrx_word' id='word_1_388' title='bbox 845 2761 881 2793; x_wconf 85' lang='lat' dir='ltr'><strong><em>C.</em></strong></span> <span class='ocrx_word' id='word_1_389' title='bbox 909 2779 951 2784; x_wconf 94' lang='lat'>—</span> <span class='ocrx_word' id='word_1_390' title='bbox 978 2762 1022 2793; x_wconf 77' lang='lat'><strong><em>32</em></strong></span> <span class='ocrx_word' id='word_1_391' title='bbox 1048 2757 1130 2794; x_wconf 74' lang='grc' dir='ltr'><strong><em>οἷον</em></strong></span> <span class='ocrx_word' id='word_1_392' title='bbox 1154 2759 1207 2803; x_wconf 84' lang='grc' dir='ltr'><strong><em>εἰ]</em></strong></span> <span class='ocrx_word' id='word_1_393' title='bbox 1231 2758 1357 2793; x_wconf 83' lang='grc' dir='ltr'><strong><em>πάντα</em></strong></span> <span class='ocrx_word' id='word_1_394' title='bbox 1380 2756 1449 2804; x_wconf 76' lang='grc' dir='ltr'><strong><em>γὰρ</em></strong></span> <span class='ocrx_word' id='word_1_395' title='bbox 1473 2756 1538 2793; x_wconf 68' lang='lat'><em>013¹-</em></span> 
     </span>
    </p>
   </div>
   <div class='ocr_carea' id='block_1_7' title="bbox 75 2794 1536 2895">
    <p class='ocr_par' dir='ltr' id='par_1_11' title="bbox 75 2794 1536 2895">
     <span class='ocr_line' id='line_1_41' title="bbox 75 2794 1536 2849; baseline 0.001 -12"><span class='ocrx_word' id='word_1_396' title='bbox 75 2815 148 2842; x_wconf 81' lang='grc' dir='ltr'><strong><em>τως</em></strong></span> <span class='ocrx_word' id='word_1_397' title='bbox 174 2800 274 2838; x_wconf 81' lang='grc' dir='ltr'><strong><em>έσται</em></strong></span> <span class='ocrx_word' id='word_1_398' title='bbox 298 2799 430 2846; x_wconf 81' lang='grc' dir='ltr'><strong><em>ταντά,</em></strong></span> <span class='ocrx_word' id='word_1_399' title='bbox 454 2794 536 2838; x_wconf 84' lang='grc' dir='ltr'><strong><em>οἷόν</em></strong></span> <span class='ocrx_word' id='word_1_400' title='bbox 561 2802 702 2845; x_wconf 73' lang='grc' dir='ltr'><strong><em>(ὥσπερ</em></strong></span> <span class='ocrx_word' id='word_1_401' title='bbox 724 2806 783 2848; x_wconf 79' lang='lat' dir='ltr'><strong><em>cu)</em></strong></span> <span class='ocrx_word' id='word_1_402' title='bbox 807 2815 924 2848; x_wconf 85' lang='grc' dir='ltr'><strong><em>φασιν</em></strong></span> <span class='ocrx_word' id='word_1_403' title='bbox 948 2804 984 2840; x_wconf 79' lang='grc' dir='ltr'><strong><em>οἱ</em></strong></span> <span class='ocrx_word' id='word_1_404' title='bbox 1008 2805 1193 2849; x_wconf 85' lang='grc' dir='ltr'><strong><em>σοφισταί,</em></strong></span> <span class='ocrx_word' id='word_1_405' title='bbox 1217 2805 1253 2841; x_wconf 85' lang='grc' dir='ltr'><strong><em>εἰ</em></strong></span> <span class='ocrx_word' id='word_1_406' title='bbox 1274 2802 1377 2849; x_wconf 80' lang='grc' dir='ltr'><strong><em>(οἷον</em></strong></span> <span class='ocrx_word' id='word_1_407' title='bbox 1401 2805 1438 2841; x_wconf 84' lang='grc' dir='ltr'><strong><em>εἰ</em></strong></span> <span class='ocrx_word' id='word_1_408' title='bbox 1451 2805 1536 2849; x_wconf 76' lang='lat' dir='ltr'><strong>uc&#39;l&#39;,</strong></span> 
     </span>
     <span class='ocr_line' id='line_1_42' title="bbox 77 2848 887 2895; baseline 0.004 -14"><span class='ocrx_word' id='word_1_409' title='bbox 77 2849 138 2882; x_wconf 85' lang='lat' dir='ltr'><strong><em>sed</em></strong></span> <span class='ocrx_word' id='word_1_410' title='bbox 165 2860 181 2882; x_wconf 89' lang='lat' dir='ltr'><strong>c</strong></span> <span class='ocrx_word' id='word_1_411' title='bbox 205 2861 246 2893; x_wconf 82' lang='lat' dir='ltr'><strong><em>pr</em></strong></span> <span class='ocrx_word' id='word_1_412' title='bbox 270 2860 325 2882; x_wconf 88' lang='lat' dir='ltr'><strong><em>om</em></strong></span> <span class='ocrx_word' id='word_1_413' title='bbox 352 2848 411 2891; x_wconf 87' lang='grc' dir='ltr'><strong><em>εἰ)</em></strong></span> <span class='ocrx_word' id='word_1_414' title='bbox 440 2850 582 2892; x_wconf 76' lang='grc' dir='ltr'><strong><em>ΟοιιὶῙΤ.</em></strong></span> <span class='ocrx_word' id='word_1_415' title='bbox 609 2871 650 2876; x_wconf 96' lang='grc'><strong>-</strong></span> <span class='ocrx_word' id='word_1_416' title='bbox 677 2849 798 2895; x_wconf 76' lang='grc' dir='ltr'><strong><em>ἕτερος</em></strong></span> <span class='ocrx_word' id='word_1_417' title='bbox 820 2852 887 2884; x_wconf 83' lang='grc' dir='ltr'><strong><em>ιιΤ.</em></strong></span> 
     </span>
    </p>
   </div>
  </div>
 </body>
</html>
