1786 3068
293 207 344 244 16
818 209 1203 243 ΑΝΑΛΤΤῙΚΩΝ

291 300 369 357 τὰς
398 300 458 364 μὴ
485 300 637 358 δείξας,
670 300 804 358 τανζτ
839 299 913 347 ἒαν
935 303 1013 362 μὲν
1043 306 1265 351 δοκοῦντα
1295 304 1492 365 λαμβάνῃ
1519 311 1580 352 τῶ
1605 325 1713 367 μαν-

291 367 486 424 θάνοντι,
519 366 787 422 ὑποτίθεται,
828 368 901 412 καὶ
929 369 1042 415 ἔστιν
1071 368 1155 430 οὐχ
1186 369 1332 426 απλῶς
1356 353 1574 428 ὑπόθεσις
1603 372 1714 419 ἀλλὰ

242 431 402 492 εοπρὸς
417 433 576 478 ἐκεῖνον
594 451 743 492 μονον,
778 429 831 478 Bz‘v
851 434 897 478 δὲ
928 431 958 496 ἦ
983 438 1190 496 μηδεμιᾶς
1219 435 1405 499 ἐνούσης
1427 435 1607 522 δόξης”
1586 456 1614 499 η
1640 440 1715 485 καὶ

291 499 482 553 ἐναντίας
501 498 686 559 ἐνούσης
704 498 902 558 λαμβάνῃ
922 499 974 546 τὸ
999 499 1122 557 αὐτό,
1148 503 1332 548 αἰτεῖται.
1368 505 1442 548 καὶ
1458 503 1599 567 τούτῳ
1619 507 1714 549 δια-

289 564 411 624 φέρει
432 562 652 619 νπόθεσις
672 565 745 608 καὶ
763 566 942 625 αἴτημα·
961 566 1063 648 ’,ἐστι
1075 566 1162 647 γὰρ
1186 570 1341 629 αἴτηιια
1369 566 1420 614 τὸ
1455 549 1714 616 ὑπεναντίον

287 633 372 675 τοῦ
399 628 698 687 μανθάνοντος
719 647 770 689 τη
800 629 974 690 δόξη,”
953 630 983 693 η’
1013 629 1041 677 ὃ
1067 630 1121 678 α’ν
1152 650 1216 690 τις
1238 632 1495 680 οἷποδεικτὸν
1522 632 1575 680 ὃν
1603 638 1712 695 λαμ-

288 694 398 753 βάνη
419 694 491 738 καὶ
510 698 663 760 χρῆται
680 693 739 757 μή
761 694 1246 752 δείξας..

238 776 272 802 85
395 759 449 803 Οἱ
467 760 544 817 μὲν
563 761 647 806 οὐν
665 759 760 818 ὅροι
782 760 869 807 οὐκ
893 762 999 808 εἰσὶν
1017 759 1256 819 ὑποθέσεις
1278 762 1431 824 (οὐδὲν
1451 762 1533 825 γὰρ
1555 761 1661 810 εἶναι
1683 762 1714 825 ἢ

285 822 345 885 μὴ
370 824 601 885 λέγονται),
636 824 729 872 ἄλλ’
748 827 793 873 ἐν
813 833 905 884 ταῖς
923 827 1181 886 προτάσεσιν
1203 830 1245 874 αι
1262 828 1510 886 ὑποθέσεις.
1552 828 1658 886 τοὺς
1675 828 1714 875 δ’

286 888 421 947 ὅρους
439 889 578 948 μόνον
596 890 819 946 ξυνίεσθαι
839 897 922 938 δεῖ·
942 898 1075 939 τοῦτο
1098 892 1135 939 δ’
1156 893 1240 954 οὐχ
1261 893 1488 952 ὑπόθεσις,
1511 896 1549 940 εἰ
1565 914 1624 957 μη
1614 893 1712 940 καὶ

284 954 335 1000 τὸ
370 954 546 1002 ακούειν
566 955 784 1003 ὑπόθεσίν
812 975 876 1014 τις
895 955 1011 1004 εἶναι
1025 958 1169 1020 φήσει.
1226 958 1318 1005 ἄλλ’
1345 958 1463 1006 ὅσων
1489 959 1628 1006 ὄντων
1652 964 1713 1024 τῷ

236 1018 474 1066 ἐκεῖνα
437 1027 543 1068 εἰναι
559 1024 717 1083 γίνεται
731 1022 780 1069 τὸ
794 1025 1096 1083 συμπέρασμα.
1141 1022 1288 1070 0136'6
1308 1026 1545 1087 γεωμέτρης
1565 1029 1712 1087 ψευδῆ

233 1105 269 1131 40
284 1085 554 1143 υποτίθεται,
574 1086 720 1149 ὥσπερ
740 1108 853 1145 τινες
868 1091 1047 1149 ἔφασαν,
1068 1089 1262 1149 λέγοντες
1279 1089 1337 1147 ὡς
1358 1109 1416 1137 ου
1434 1094 1502 1136 δεῖ
1519 1095 1583 1154 τῷ
1597 1091 1710 1147 ψεύ-

284 1155 349 1197 δει
375 1157 588 1214 χρῆσθαι,
631 1153 711 1199 τόν
741 1156 786 1200 δε
822 1155 1076 1235 γεωμέτρην
1095 1155 1341 1208 ψεύδεσθαι
1372 1157 1549 1216 λέγοντα
1585 1159 1711 1201 ποδι-

285 1218 384 1263 αίαν
396 1237 478 1280 την
498 1237 555 1264 ου
545 1217 805 1266 ’ποδιαίαν
786 1239 813 1282 η
837 1220 1015 1266 εὐθεῖαν
1025 1238 1107 1282 την
1119 1222 1409 1284 γεγραιιιιένην
1430 1239 1516 1267 ουκ
1535 1219 1712 1267 ευθεῖαν

173 1308 207 1339 Ρ.
222 1294 266 1327 7⁴1
284 1276 436 1330 οὖσαν.
496 1283 521 1330 6
543 1287 588 1330 63
612 1286 848 1348 γεωμέτρης
873 1283 1005 1332 ουδεν
1031 1287 1363 1344 συμπεραίνεται
1381 1292 1441 1333 τῶ
1460 1286 1588 1348 τήνδε
1606 1284 1713 1332 εἶναι

282 1367 505 1411 γραιιιιην,
547 1349 604 1412 ἣν
635 1350 771 1408 αὐτὸς
811 1353 1066 1412 ἕφθεγκται,
1109 1349 1218 1396 ἄλλα
1244 1350 1295 1398 τὰ
1328 1351 1400 1398 δια
1433 1351 1600 1398 τούτων
1610 1355 1711 1434 δη-

282 1415 489 1474 λούμενα.
545 1416 603 1462 ε’τι
622 1416 673 1463 τὸ
699 1420 854 1479 αἰτηιια
873 1419 946 1462 καὶ
969 1416 1186 1473 ὑπόθεσις
1203 1422 1323 1463 πᾶσα
1347 1416 1377 1481 ἢ
1398 1437 1456 1475 ως
1481 1415 1624 1464 ὅλον
1603 1437 1632 1480 η
1650 1436 1712 1474 ως

283 1481 328 1526 ἐν
347 1482 476 1541 μέρει,
513 1482 555 1526 οἱ
576 1481 614 1527 6'
641 1480 738 1540 ὅροι
761 1482 992 1541 οὐδέτερον
1009 1482 1187 1528 τούτων.

203 1552 263 1595 11
310 1577 313 1578 ⁷
383 1548 499 1607 Εἴδη
517 1548 593 1605 μὲν
615 1541 700 1594 οὖν
727 1546 835 1594 εἶναι
854 1546 884 1610 ἢ
903 1549 946 1594 ἕν
976 1567 1016 1594 τι
1045 1547 1164 1607 παρὰ
1184 1546 1235 1593 τὰ
1258 1545 1400 1592 πολλα
1422 1545 1507 1593 οὐκ
1528 1546 1709 1609 ἀνάγκη,

247 1631 265 1658 6
282 1611 319 1656 εἰ
347 1610 562 1668 α’πόδειξις
592 1613 721 1670 ἔσται,
756 1611 865 1660 εἶναι
893 1614 1037 1673 μέντοι
1058 1632 1102 1659 εν
1135 1630 1243 1658 κατα
1265 1617 1438 1658 πολλων
1467 1611 1630 1693 αληθὲς
1651 1615 1712 1659 εἰ-

279 1682 376 1722 πεῖν
395 1676 580 1739 ἀνάγκη·
617 1697 674 1724 ov
695 1698 777 1745 γαρ
799 1681 914 1726 ἔσται
935 1698 986 1725 το
1005 1678 1220 1734 καθόλου,
1242 1696 1296 1724 αν
1314 1676 1373 1740 μὴ
1395 1683 1529 1724 τοῦτο
1549 1671 1602 1738 ᾗ·
1637 1677 1713 1724 {av

281 1743 328 1787 δὲ
342 1740 391 1787 τὸ
411 1742 614 1788 καθόλου
633 1742 694 1805 μὴ
713 1746 755 1803 ἠ,
774 1744 825 1790 τὸ
843 1745 978 1803 μέσον
995 1743 1081 1790 οὐκ
1098 1745 1227 1800 ἔσται,
1247 1742 1350 1788 ὥστ’
1363 1742 1460 1789 οὐδ’
1478 1743 1709 1800 απόδειξις.

281 1810 348 1852 δεῖ
373 1805 457 1867 ἄρα
486 1826 525 1853 τι
559 1826 604 1853 εν
620 1811 693 1854 καὶ
713 1808 762 1855 τὸ
791 1807 899 1856 αὐτὸ
921 1810 987 1855 ἐπὶ
1013 1809 1225 1854 πλειόνων
1246 1805 1354 1854 εἶναι
1374 1806 1433 1869 μή
1459 1806 1709 1868 ὁμώνυμον.

230 1889 265 1916 10
279 1870 330 1918 τὸ
371 1874 417 1918 δὲ
458 1872 517 1936 μὴ
557 1874 805 1934 ἐνδέχεσθαι
849 1873 937 1933 ἅμα
974 1875 1112 1935 φάναι
1156 1875 1229 1919 καὶ
1259 1873 1486 1934 ἀποφάναι
1527 1872 1711 1934 οὐδειιία

280 1938 486 1999 λαμβάνει
511 1937 759 1997 ἀπόδειξις,
805 1940 954 2003 ἄλλἠ
932 1938 954 1956 ”¹
986 1939 1060 1986 ἐὰν
1091 1940 1167 1999 δέῃ
1196 1938 1329 1994 δεῖξαι
1359 1940 1431 1984 καὶ
1458 1937 1508 1985 τὸ
1541 1940 1711 2023 συμπέ-

281 2015 426 2064 ρασμα
445 2002 598 2061 οὕτως.
644 2008 860 2052 δείκνυται
879 2007 925 2052 63
926 1960 1129 2066 ηλαβοῦσι
1145 2003 1196 2051 τὸ
1218 2009 1390 2065 πρῶτον
1407 2003 1514 2050 κατὰ
1535 2023 1617 2051 του
1635 2006 1711 2065 μέ-

281 2081 381 2127 σου,
419 2068 485 2116 ότι
508 2069 684 2133 ἀληθές,
708 2071 932 2157 αποφάναι
945 2071 993 2117 6
1013 2070 1098 2118 οὐκ
1116 2071 1293 2133 ἀληθές.
1342 2069 1392 2116 τὸ
1412 2072 1458 2116 δε
1479 2071 1612 2130 μέσον
1629 2089 1709 2117 ου-

282 2137 355 2181 δεν
388 2137 584 2197 διαφέρει
620 2143 726 2183 εἰναι
754 2140 828 2183 καὶ
858 2136 918 2199 μὴ
952 2134 1059 2184 εἶναι
1090 2141 1256 2197 λαβεῖν,
1302 2155 1364 2192 ως
1395 2134 1434 2181 6'
1468 2134 1611 2192 αὕτως
1639 2138 1711 2182 καὶ

233 2217 267 2245 1⁵
282 2200 331 2247 τὸ
353 2203 507 2262 τρίτον.
545 2203 581 2248 εἰ
599 2221 680 2263 γαρ
702 2203 850 2266 ἐδόθη,
872 2202 974 2249 καθ’
997 2221 1055 2249 ου
1071 2201 1308 2263 ἄνθρωπον
1329 2200 1492 2264 ἄληθες
1511 2204 1655 2259 εἰπεῖν,
1674 2203 1711 2248 εἰ

281 2268 354 2312 καὶ
380 2286 440 2329 μη
467 2266 703 2328 ἄνθρωπον
721 2268 899 2332 α’ληθές,
930 2267 1023 2315 ἄλλ’
1042 2270 1080 2316 εἰ
1096 2268 1234 2328 μόνον
1254 2266 1490 2328 α’νθρωπον
1511 2271 1625 2332 ζωον
1651 2265 1711 2314 εἷ-

370 2392 412 2423 30
437 2385 523 2448 δὲῇ
549 2392 598 2424 Μ.
624 2411 665 2416 -
696 2389 806 2436 οὔσης
831 2394 865 2427 d.
889 2411 933 2416 —
965 2394 1002 2425 31
1032 2392 1140 2425 τοῦτο
1166 2392 1198 2425 d.
1225 2409 1266 2414 —-
1299 2392 1343 2424 32
1367 2389 1439 2425 ἐστι
1471 2389 1541 2434 γὰρ
1572 2392 1710 2434 αἴτημα

279 2447 316 2466 rc
340 2447 375 2476 n,
409 2436 546 2477 αἴτημα
568 2432 599 2469 δ’
625 2434 697 2470 ἐστι
721 2448 755 2480 Ρ.
780 2456 825 2463 -—
856 2439 898 2470 33
923 2433 1157 2470 ἀποδεικτὸν
1181 2447 1258 2467 corr
1281 2447 1313 2467 u.
1337 2454 1382 2460 —
1417 2436 1459 2468 35
1495 2435 1581 2469 οὐδὲ
1609 2437 1711 2477 CMu,

280 2477 366 2513 οὐδὲ
354 2491 389 2511 ν
414 2492 455 2522 pr
480 2480 571 2523 de.
596 2499 635 2504 —
661 2483 703 2515 39
729 2479 814 2516 οὐδὲ
838 2479 906 2526 γὰρ
932 2478 950 2515 6
974 2492 1011 2524 Ρ.
1037 2499 1082 2505 ——-
1106 2478 1125 2515 6
1151 2491 1205 2512 om
1229 2491 1262 2512 n.
1287 2497 1330 2504 —
1353 2480 1397 2512 40
1419 2477 1588 2521 λέγοντας
1611 2492 1653 2523 pr
1675 2492 1709 2512 u.

280 2542 320 2547 ’·-
347 2524 396 2566 τῷ
421 2536 474 2556 om
498 2536 531 2556 n.

368 2567 448 2600 77a1
479 2566 589 2602 οὐδὲν
612 2577 719 2610 σνμπ.
749 2581 784 2600 rc
809 2580 911 2612 supra
926 2581 961 2601 vs
975 2580 1008 2601 η.
1025 2586 1069 2593 -
1093 2569 1114 2600 2
1138 2565 1337 2609 τελονμενα
1361 2567 1392 2599 d.
1409 2584 1454 2592 —-
1477 2565 1566 2601 3'3't1
1582 2578 1709 2600 corrn.

278 2628 323 2636 —
347 2612 367 2644 7
390 2611 459 2666 γὰρ
484 2611 580 2646 ἐστιν
603 2623 636 2645 τι.
650 2630 690 2636 -—-
716 2613 736 2644 9
760 2611 800 2647 ἐν
823 2627 859 2647 τι
881 2625 946 2666 ηΡ.
964 2631 1008 2637 —
1034 2614 1074 2646 12
1093 2610 1318 2656 λαμβάνουσι
1340 2623 1397 2654 πΡ.
1412 2630 1452 2635 -
1477 2611 1518 2645 τὰ
1544 2624 1584 2654 pr
1602 2622 1709 2644 omn.

281 2655 390 2687 -14
414 2668 463 2694 ως
485 2655 517 2691 δ’
545 2653 665 2695 αὕτως
690 2658 753 2699 Au,
777 2669 818 2701 pr
843 2659 884 2698 Β,
919 2654 1094 2695 ὡσαύτως
1119 2657 1216 2711 CMf.
1240 2675 1284 2681 —
1311 2656 1351 2688 16
1376 2662 1466 2704 post
1484 2654 1620 2699 ἀληθές
1643 2656 1709 2687 add

280 2698 396 2732 εἰπεῖν
426 2701 448 2732 d
472 2702 566 2742 quod
591 2702 649 2734 del
664 2702 748 2734 vult.
771 2721 816 2728 —
840 2702 890 2745 εἰ]
913 2699 936 2746 ἢ
959 2714 994 2742 u,
1018 2702 1120 2744 prB,
1145 2697 1192 2735 ὃὶν
1216 2712 1294 2733 corr
1311 2711 1345 2734 n.
1363 2718 1405 2724 —
1431 2697 1537 2742 εἶναι,
1560 2700 1636 2734 πᾶν
1658 2697 1706 2742 μὴ

279 2744 498 2791 ACMcdfnp,
523 2757 600 2778 corr
622 2757 656 2778 u.
