1812 3068
283 226 337 266 9⁰
815 225 1096 259 TonnmN
1124 229 1161 259 A.

284 319 380 378 περὶ
403 335 466 364 ων
488 320 721 379 οὐδετέρως
749 318 992 379 δοξάζομεν.
1044 340 1108 367 οτι
1131 322 1178 368 δέ
1200 321 1286 367 ἐστι
1305 323 1422 368 καὶ
1396 344 1425 386 η
1445 326 1570 384 θέσις
1588 327 1697 387 πρό-

283 390 437 447 βλημα,
460 388 614 449 δῆλον·
649 384 813 448 ἀνάγκη
844 384 926 468 γὰρ
957 387 1001 433 ἐκ
1032 392 1117 433 τῶν
1149 387 1379 450 εἰρημένων
1410 388 1440 453 ἢ
1462 391 1567 449 τούς
1587 397 1696 439 πολ-

285 450 396 508 λοὺς
414 456 503 509 τοῖς
524 457 683 512 σοφοῖς
695 453 789 508 περὶ
807 450 889 514 τήν
906 453 1032 499 θέσιν
1044 452 1398 517 άμφισβητεῖνῆ
1375 463 1700 517 οποτερουσοῦν

287 517 470 575 ἑαυτοῖς,
506 516 648 579 ἐπειδὴ
670 516 893 580 ὑπόληψίς
907 537 970 575 τις
987 518 1275 579 παράδοξος
1250 539 1278 582 η
1295 522 1419 578 θέσις
1435 523 1557 570 ἐστίν.
1602 537 1699 596 σχε-

235 583 364 629 85δόν
403 585 448 628 δὲ
487 588 572 629 νῦν
605 583 743 629 πάντα
771 582 823 629 τὰ
859 584 1099 631 διαλεκτικοὶ
1129 586 1408 647 προβλήματα
1439 591 1582 647 θέσεις
1619 609 1699 636 κα-

288 653 479 695 λοῦνται.
502 650 736 710 διαφερέτω
748 651 793 695 δὲ
805 652 937 712 μηδὲν
951 649 1416 712 ὁπωσοῦνλεγόμενον·
1432 654 1492 702 οὕ
1501 655 1581 717 γὰρ
1596 655 1698 702 o'vo-

285 719 572 776 ματοποιῆσαι
613 715 874 775 βουλόμενοι
917 719 1125 777 διείλοιιεν
1158 716 1297 775 οὕτως
1330 719 1464 777 avt-6,
1509 721 1599 767 ἄλλ’
1633 725 1701 769 ἵνα

160 787 267 835 p.105
283 779 342 843 μὴ
375 781 650 827 λανθάνωσιν
683 780 798 844 ἡμᾶς
829 784 939 839 τίνες
973 782 1120 830 αὐτῶν
1141 784 1429 845 τυγχάνουσιν
1450 781 1582 834 οὖσαι
1606 791 1700 834 δια-

281 865 430 908 φοραι.

388 912 458 960 Οὔ
491 916 557 959 δεῖ
582 914 628 959 δὲ
662 917 749 959 πᾶν
790 912 1018 976 πρόβλημα
1057 913 1163 961 ου’δὲ
1196 919 1341 962 πᾶσαν
1371 918 1496 964 θέσιν
1528 920 1700 966 ἐπισκο-

284 985 391 1035 πεῖν,
426 978 518 1025 ἄλλ’
530 976 594 1061 ’,ἣν
612 977 869 1042 άπορήσειεν
888 978 943 1025 ἄν
964 999 1027 1036 τις
1043 985 1128 1027 τῶν
1152 981 1288 1042 λόγου
1307 985 1517 1043 δεοιιένων
1547 987 1618 1031 καὶ
1639 984 1698 1048 μή

249 1060 266 1086 ⁵
283 1043 543 1102 κολάσεως
524 1065 550 1108 η
571 1045 837 1107 αἰσθήσεως·
881 1047 924 1092 οἱ
944 1065 1020 1105 ιιεν
1036 1045 1118 1108 γάρ
1141 1046 1409 1106 ἀποροῦντες
1431 1050 1616 1111 πότερον
1638 1055 1705 1098 δεῖ

282 1111 389 1169 τοὺς
409 1110 547 1168 θεούς
565 1116 689 1171 τιμᾶν
699 1113 771 1157 καὶ
782 1130 887 1167 τους
903 1118 1041 1172 γονεῖς
1050 1112 1219 1173 άγαπᾶν
1236 1112 1266 1176 ἢ
1284 1112 1341 1161 οὖ
1334 1113 1569 1174 κολάσεως
1578 1118 1700 1164 δέον-

281 1196 372 1234 ται,
408 1179 451 1224 οἱ
470 1179 515 1224 δὲ
535 1177 716 1236 πότερον
736 1176 764 1238 ἡ
795 1176 900 1237 χιών
920 1177 1066 1248 λευκή
1080 1177 1109 1241 ἢ
1129 1177 1186 1226 ου’
1205 1182 1463 1242 αἰσθήσεως.
1520 1183 1626 1230 οὐδὲ
1646 1182 1702 1246 δὴ

283 1246 346 1290 οἶν
366 1244 575 1305 σύνεγγις
594 1242 622 1307 ἡ
644 1242 874 1300 άπόδειξις,
909 1243 1006 1290 οὐδ’
1031 1248 1091 1290 ὢν
1110 1247 1208 1291 λίαν
1225 1246 1397 1307 πόῤῥω·
1440 1267 1493 1294 τα
1523 1268 1600 1309 μεν
1619 1248 1701 1311 γάρ

283 1309 367 1357 οὐκ
386 1311 466 1371 ε’χει
487 1309 686 1367 α’πορίαν,
719 1307 771 1355 τά
791 1311 836 1355 δε
857 1309 1016 1357 πλείοὛν
1029 1308 1059 1373 ἢ
1078 1310 1187 1357 κατὰ
1206 1315 1506 1397 γυμναστικην.

200 1377 264 1422 12
381 1377 686 1436 Διωρισμένων
718 1377 763 1422 δε
797 1375 963 1423 τούτων
994 1374 1075 1439 χρὴ
1107 1378 1324 1425 διελέσθαι
1355 1379 1475 1426 πόσα
1505 1398 1593 1427 των
1624 1380 1701 1427 λό-

232 1458 264 1486 11
281 1461 366 1504 γων
384 1445 475 1505 εἴδη
498 1460 582 1488 των
609 1446 892 1488 διαλεκτικων.
952 1443 1038 1489 ε’στι
1067 1444 1112 1489 δε
1133 1442 1184 1490 τὸ
1206 1463 1283 1503 μεν
1311 1446 1510 1509 ἐπαγωγή
1523 1481 1534 1502 ,
1579 1445 1630 1493 τὸ
1656 1448 1702 1492 δὲ

281 1507 582 1570 συλλογισμός.
645 1509 717 1553 καὶ
751 1507 1044 1568 συλλογισμος
1071 1528 1147 1568 μεν
1164 1511 1205 1555 τί
1227 1511 1361 1566 ἐστιν,
1407 1515 1569 1575 εἴρηται
1588 1512 1701 1570 πρό-

279 1593 430 1633 τερον,
475 1572 670 1657 ἐπαγωγή
705 1574 749 1619 δε
779 1572 808 1635 ἡ
839 1573 925 1619 άπὸ
944 1593 1028 1620 των
1056 1574 1158 1621 καθ’
1177 1577 1355 1623 ἕκαστον
1387 1579 1455 1624 ἐπὶ
1484 1577 1536 1624 τά
1562 1578 1701 1624 καθό-

282 1645 367 1687 λου
385 1642 556 1701 ε’φοδος,
590 1645 687 1686 οἱον
709 1640 778 1686 εἷ’
765 1641 850 1685 εστι
861 1639 1170 1703 κυβερνητης
1145 1660 1170 1687 ο
1188 1642 1458 1702 ἐπιστάμενος
1479 1643 1703 1702 κράτιστος

234 1726 267 1755 1⁵
283 1709 355 1753 καὶ
376 1705 562 1770 ἡνίοχος,
596 1707 669 1753 καὶ
693 1703 804 1762 ὅλως
823 1705 977 1752 ἐστὶν
954 1726 979 1752 ο
1001 1707 1274 1766 ἐπιστάμενος
1291 1712 1388 1768 περὶ
1405 1711 1583 1756 ἕκαστον
1605 1708 1698 1769 692-

283 1786 396 1830 στος.
460 1774 546 1819 ε’στι
578 1770 616 1817 6'
646 1769 675 1834 ἢ
700 1790 776 1830 μεν
804 1771 999 1834 ἐπαγωγὴ
1028 1773 1322 1833 πιθανώτερον
1344 1777 1415 1821 καὶ
1438 1777 1705 1837 σαφέστερον

282 1841 355 1885 καὶ
399 1837 508 1884 κατὰ
550 1835 630 1898 τὴν
677 1839 883 1898 αἴσθησιν
923 1857 1239 1899 γνωριμωτερον
1281 1843 1355 1887 καὶ
1396 1848 1485 1898 τοῖς
1526 1847 1705 1899 πολλοῖς

283 1904 453 1961 κοινόν,
501 1902 526 1950 ὁ
557 1905 603 1949 δε
625 1902 914 1964 συλλογισμὸς
932 1904 1258 1964 βιαστικώτερον
1276 1909 1347 1953 καὶ
1368 1906 1480 1967 πρὸς
1497 1926 1602 1965 τους
1626 1907 1702 1954 άν-

283 1969 528 2033 τιλογικούς
549 1970 850 2036 ἐνεργέστερον.

207 2041 268 2084 13
394 2035 459 2083 Τα
495 2054 572 2095 μεν
605 2037 688 2081 οὐν
720 2037 821 2098 γένη
854 2036 949 2094 περὶ
983 2029 1043 2082 ὠν
1074 2054 1116 2082 τε
1141 2038 1183 2082 οἱ
1215 2037 1336 2099 λόγοι
1356 2040 1428 2084 καὶ
1449 2033 1551 2093 ἐξ
1514 2041 1589 2096 ὠν,
1623 2058 1703 2085 κα-

233 2119 267 2147 21
285 2103 428 2163 θάπερ
462 2104 704 2161 ἔμπροσθεν
743 2103 925 2164 εἴρηται,
964 2104 1207 2162 διωρίσθω·
1252 2103 1304 2150 τὰ
1348 2103 1387 2150 6'
1418 2103 1602 2165 ὄργανα,
1648 2103 1704 2151 δι’

285 2164 346 2216 οἷν
377 2168 676 2231 εὐπορήσομεν
705 2186 789 2214 των
819 2171 1142 2228 συλλογισμῶν,
1192 2170 1278 2216 ἐστὶ
1307 2171 1504 2229 τέτταρα,
1555 2189 1601 2217 εν
1628 2189 1704 2230 μεν

283 2235 335 2282 vd
357 2235 586 2296 προτάσεις
607 2239 774 2294 λαβεῖν,
810 2233 1012 2293 δεύτερον
1043 2236 1089 2281 ὁε
1117 2241 1321 2297 ποσαχῶς
1340 2238 1520 2283 ἕκαστον
1543 2238 1704 2298 λέγεται

376 2426 415 2457 31
452 2421 526 2458 έστί
556 2436 591 2457 τι
622 2422 811 2477 πρόβλημα
843 2423 905 2457 καὶ
937 2423 956 2467 ἡ
989 2425 1090 2464 θέσις
1118 2426 1153 2458 C.
1187 2444 1230 2449 —
1260 2427 1302 2458 33
1326 2423 1576 2470 ὁποτερωσοῦν
1600 2437 1634 2457 ιι.
1659 2445 1702 2451 -

286 2470 328 2502 34
356 2483 375 2511 'l
399 2468 503 2507 θέσις
527 2468 600 2501 ἐστὶ
617 2467 830 2521 παράδοξος
854 2480 904 2501 οιι.

365 2483 479 2547 110531
507 2511 754 2546 λανθάνουσιν
776 2525 806 2545 ο.
834 2531 875 2538 ——
911 2506 1035 2554 οὖσαι]
1062 2513 1100 2546 αἱ
1127 2514 1162 2546 C.
1190 2533 1228 2538 -
1264 2514 1284 2546 6
1307 2512 1434 2554 γονέας
1460 2514 1495 2546 C.
1521 2531 1559 2536 —
1593 2514 1615 2546 7
1638 2511 1700 2557 δὴ]

287 2555 334 2591 δι’
353 2560 386 2599 f.
410 2577 454 2583 —
477 2559 498 2591 8
523 2554 608 2592 οὔθ’
636 2559 671 2590 C.
695 2577 740 2582 --
773 2558 792 2590 9
817 2560 939 2591 πλεῖον
965 2559 1027 2600 Rs,
1052 2570 1090 2601 pr
1116 2558 1174 2598 Ac,
1200 2558 1309 2591 πλείω
1339 2559 1450 2599 CPou,
1475 2570 1550 2589 corr
1574 2559 1632 2590 Ac.
1657 2577 1700 2582 -—

290 2604 330 2635 1«)
354 2602 539 2636 διελέσθαι
563 2603 620 2636 δεῖ
642 2614 694 2635 οιι.
720 2621 758 2626 -
789 2603 828 2634 12
852 2602 905 2640 τίς
932 2604 966 2635 C.
992 2621 1035 2626 -—
1066 2604 1100 2636 13
1125 2600 1148 2645 ἦ
1172 2599 1257 2645 ἀπὸ]
1284 2601 1346 2636 διγ
1366 2604 1401 2636 C.
1430 2623 1465 2627 -
1491 2600 1701 2635 καθέκαστα

290 2647 326 2678 C.
351 2666 395 2670 —
418 2646 458 2681 τὸ
489 2649 522 2683 G.
549 2667 591 2673 —
617 2649 658 2681 14
683 2647 716 2680 εἰ
737 2659 791 2678 om
816 2648 853 2679 A.
881 2665 925 2670 —
953 2648 991 2679 15
1015 2645 1112 2680 ἔσται
1140 2648 1198 2680 Cu.
1220 2666 1265 2672 -
1289 2645 1325 2690 ὁ]
1351 2646 1430 2689 περὶ
1456 2643 1643 2680 ἕκαστονο
1663 2648 1698 2679 C.

287 2708 333 2715 —
358 2692 398 2723 18
422 2689 509 2730 τούς
532 2705 586 2725 om
602 2694 635 2734 f.
660 2711 704 2717 ——
730 2692 768 2724 19
793 2688 1043 2746 ἐναογέστερον
1062 2693 1158 2734 Csou.
1177 2710 1217 2715 —
1241 2693 1285 2725 20
1308 2703 1344 2725 τε
1369 2704 1423 2724 om
1447 2703 1498 2724 ou.
1526 2711 1567 2716 —
1591 2693 1631 2724 21
1648 2691 1699 2724 δι-

289 2734 441 2780 ηρήσθω
469 2738 526 2778 Pr.
550 2755 594 2762 -—
617 2738 660 2769 22
686 2733 942 2781 εὐπορήσωμεν
968 2737 1004 2769 C.
1027 2754 1071 2761 —
1094 2737 1351 2790 συλλογισμῶν]
1378 2736 1617 2792 συλλογισμῶν
1638 2735 1700 2768 καὶ

290 2780 362 2814 τῶν
388 2771 580 2824 ἐπαγωγῶν
607 2783 643 2814 C.
667 2799 712 2807 -
736 2781 804 2816 εἰσὶ
826 2793 878 2815 οιι.
890 2801 930 2807 -
954 2782 996 2814 23
1022 2779 1077 2823 δὲ]
1104 2779 1143 2815 δὲ
1165 2780 1206 2816 τὸ
1227 2782 1262 2814 C.
1281 2800 1325 2805 —
1346 2780 1483 2824 λέγεται
1500 2778 1648 2814 ἕκαστον
1664 2780 1699 2812 C.
