1878 3060
331 229 411 268 874
788 227 1036 271 Anaiytica
1068 225 1344 269 posteriora.

384 325 606 372 tiocinatio,
633 324 713 362 alia
738 323 841 362 ratio
871 326 955 361 est:
993 322 1096 361 haec
1124 323 1229 361 enim
1256 325 1394 360 mente
1431 322 1517 372 ipsa
1543 322 1744 360 intuemur
1772 326 1813 359 et

388 388 502 439 quasi
529 386 806 436 amplectimur
834 383 966 436 (loob
982 384 1067 437 12).

333 454 419 490 8812
433 453 480 488 10
507 449 753 488 Reduximus
783 460 831 486 ex
845 447 963 485 codd.
983 449 1037 498 ns
1056 447 1162 498 quod
1183 451 1278 485 ante
1295 447 1451 484 Bkkum
1476 446 1691 497 legebatur
1710 445 1812 485 ἄπο-

388 512 584 553 Salutem:
613 523 756 548 sensus
785 510 891 548 enim
919 510 996 547 hoc
1023 510 1190 560 flagitat.
1234 509 1376 547 Boeth.
1414 512 1456 546 et
1479 512 1560 546 vet.
1584 509 1681 558 intp.
1714 522 1812 548 ver-

386 578 477 613 tunt
503 570 940 621 „demonstratorum”.
1004 572 1064 610 Cf.
1094 585 1197 622 quae
1219 572 1389 609 diximus
1411 571 1463 607 ad
1495 572 1654 610 482237.
1685 592 1738 598 —
1782 569 1816 610 εἰ

387 635 443 688 μή
465 648 603 681 nem,
630 634 670 671 h.
692 646 742 680 e„
770 638 815 671 ut
833 634 929 672 dicit
950 636 1129 683 109632,
1159 633 1194 672 εἰ
1220 632 1276 685 μὴ
1305 633 1426 672 θέσιν
1454 632 1761 681 διαφυλάττων.

335 700 479 739 88311
509 698 621 734 Bene
645 696 924 734 animadvertit
948 696 1106 747 Philop.
1130 697 1272 746 (schol.
1297 700 1441 734 2³·1a9
1469 697 1574 747 sqq.)
1594 697 1688 734 addi
1712 697 1815 735 haec

389 762 440 799 ab
468 758 690 798 Aristotele
717 762 885 808 propter
913 772 961 796 ea
992 772 1095 808 quae
1124 759 1223 797 dixit
1255 773 1285 797 c.
1315 763 1382 807 18,
1426 772 1477 796 ne
1507 760 1594 808 quis
1622 763 1738 808 putet
1767 771 1815 797 ea

389 836 493 873 quae
520 822 638 859 modo
666 820 930 869 disputaverit
955 834 1186 871 repugnare
1212 822 1261 859 iis
1290 833 1393 872 quae
1421 834 1543 871 supra
1570 822 1725 860 dixerit.

336 889 421 924 8822
439 889 487 923 13
516 880 600 923 ἀλλ’
629 881 684 929 ὠς
711 880 955 933 ἔχοντες-Η,
985 883 1093 933 qnod
1123 884 1343 934 explicatur
1362 897 1418 923 vs.
1445 886 1514 921 16:
1542 897 1620 921 non
1648 885 1705 922 ita
1733 884 1815 933 qui-

389 949 506 995 dem,
537 947 614 993 ait,
642 950 687 983 ut
713 946 801 994 ipsa
829 958 1018 983 sensuum
1046 946 1253 995 perceptio
1282 946 1491 983 scientiam
1520 945 1698 994 efficiat,
1742 946 1816 983 sed

387 1011 467 1057 ita,
502 1013 549 1047 ut
585 1009 693 1059 quod
722 1008 763 1045 in
802 1007 968 1057 singulis
1005 1008 1192 1045 accidere
1228 1007 1436 1044 videamus
1469 1007 1580 1044 idem
1620 1009 1741 1046 etiam
1776 1008 1817 1045 in

390 1072 573 1110 omnibus
601 1071 789 1109 accidere
817 1070 1078 1108 coniicientes
1105 1069 1295 1108 universe
1322 1069 1606 1120 intelligamus,

331 1137 484 1174 ’88816
510 1134 644 1172 Bkkus
673 1134 834 1184 scripsit
860 1136 918 1182 τῷ
947 1144 995 1170 ex
1022 1132 1274 1178 coniectura,
1304 1144 1420 1181 quam
1447 1144 1500 1170 ne
1527 1145 1628 1170 unus
1658 1132 1818 1181 quidem

388 1197 494 1234 liber
532 1196 769 1242 confirmat,
808 1208 882 1233 nos
920 1193 988 1234 τός
1024 1207 1116 1232 nam
1150 1194 1396 1244 praepositio
1434 1193 1504 1233 διά
1543 1194 1819 1243 explicationis

389 1258 519 1310 gratia
555 1257 694 1295 addita
730 1258 892 1294 videtur
927 1257 967 1294 in
996 1257 1236 1306 quibusdam
1262 1255 1402 1295 libris:
1439 1257 1551 1295 cuius
1591 1257 1818 1294 omissionis

391 1320 572 1370 exempla
598 1318 831 1369 collegimus
858 1319 911 1357 ad
939 1319 1073 1356 3b13.

444 1421 541 1474 Cap.
567 1422 632 1461 32.
691 1421 787 1460 Non
825 1422 969 1460 eadem
1005 1427 1100 1461 sunt
1140 1423 1318 1460 omnium
1356 1421 1667 1474 disciplinarum
1702 1422 1819 1473 prin-

338 1484 462 1537 cipio.

337 1569 486 1607 88a19
513 1567 704 1619 λογικῶς,
733 1569 798 1606 cui
825 1568 1044 1618 opponitur
1069 1581 1124 1606 vs.
1148 1561 1272 1607 30⁴&
1299 1566 1344 1606 δὲ
1371 1567 1456 1606 τῶν
1476 1565 1690 1618 κειμένων,
1718 1568 1759 1605 h.
1785 1582 1821 1606 e.

391 1642 440 1668 ex
467 1631 516 1668 iis
546 1643 648 1680 quae
673 1631 727 1667 tle
752 1630 849 1679 ipsis
886 1631 984 1667 artis
1013 1630 1313 1668 demonstrandi
1346 1630 1552 1680 principiis
1582 1631 1715 1668 adhuc
1745 1642 1820 1667 ex-

390 1693 525 1742 posuit
552 1692 804 1731 Aristoteles.
864 1692 956 1730 Non
996 1696 1168 1742 possunt
1195 1693 1370 1730 omnium
1396 1692 1718 1742 syllogismorum
1747 1704 1820 1729 ea-

393 1755 488 1792 dem
516 1768 607 1793 esse
634 1754 850 1803 principia‚
891 1767 1014 1804 quum
1051 1754 1119 1791 alii
1146 1754 1238 1792 falsi
1267 1755 1370 1801 sint,
1410 1754 1478 1791 alii
1505 1755 1602 1794 veri.
1658 1753 1761 1791 Nam
1789 1754 1822 1791 si

391 1817 478 1866 quis
507 1817 616 1854 dicat
643 1816 729 1853 veri
758 1820 800 1853 et
826 1815 920 1853 falsi
944 1817 1053 1853 idem
1081 1817 1321 1866 principium
1341 1829 1431 1854 esse
1448 1828 1582 1865 posse,
1612 1817 1704 1866 quia
1727 1816 1823 1853 fieri

390 1879 542 1928 possit,
584 1882 630 1915 ut
659 1890 706 1914 ex
733 1876 847 1914 falsis
874 1878 1215 1926 propositionibus
1243 1891 1339 1915 vera
1366 1879 1579 1928 proveniat
1606 1879 1821 1925 conclusio,

391 1940 657 1989 redarguitur
695 1951 757 1986 eo,
799 1939 908 1988 quod
943 1939 1021 1975 hoc
1049 1951 1129 1976 non
1167 1940 1244 1976 nisi
1273 1941 1399 1976 semel
1426 1940 1486 1977 fit.
1553 1941 1716 1978 Etenim
1744 1941 1824 1977 sint

391 2002 522 2040 falsae
549 2001 844 2051 propositiones
872 2001 915 2038 A
942 2001 993 2037 de
1022 2001 1128 2039 omni
1161 2000 1212 2046 B,
1243 2000 1282 2037 Β
1310 2001 1361 2037 de
1390 2002 1497 2038 omni
1528 2002 1573 2048 G,
1603 2014 1651 2038 ex
1679 2002 1823 2051 quibus

393 2076 489 2102 vera
519 2068 636 2100 exeat
663 2063 866 2100 conclusio
893 2063 936 2101 A
963 2063 1013 2099 de
1041 2063 1148 2100 omni
1179 2062 1220 2100 C.
1264 2062 1347 2099 Iam
1375 2063 1408 2100 si
1437 2063 1824 2101 demonstrationem

392 2128 450 2165 ita
486 2125 769 2176 producimus,
807 2129 852 2162 ut
891 2125 1187 2175 propositiones
1225 2124 1350 2162 falsas
1392 2137 1439 2161 ex
1468 2126 1612 2173 quibus
1641 2129 1822 2163 coactum

394 2192 458 2227 est
483 2187 581 2235 AG,
616 2186 725 2236 ipsas
766 2199 842 2236 per
876 2199 999 2225 novos
1036 2186 1287 2237 syllogismos
1325 2187 1608 2224 demonstrare
1642 2186 1824 2234 velimus,

392 2252 471 2289 hoc
498 2250 591 2287 fieri
618 2261 698 2286 non
726 2249 880 2297 poterit
906 2249 983 2287 nisi
1012 2261 1061 2286 ex
1087 2248 1425 2298 propositionibus
1453 2248 1594 2296 falsis,
1625 2249 1718 2298 quia
1745 2247 1823 2285 fal-

394 2326 482 2351 sum
511 2316 576 2349 est
601 2311 644 2348 id
673 2310 780 2360 quod
807 2311 973 2359 probari
1000 2311 1136 2350 debet.
1182 2310 1303 2348 Patet
1319 2311 1444 2360 igitur
1466 2310 1554 2348 veri
1579 2316 1620 2348 et
1637 2310 1726 2348 falsi
1744 2322 1825 2347 non

394 2376 538 2414 eadem
566 2385 659 2411 esse
684 2373 903 2421 principia:
940 2386 1032 2410 nam
1062 2372 1182 2410 etiam
1209 2373 1242 2410 si
1270 2372 1397 2410 semel
1422 2372 1575 2410 factum
1602 2372 1676 2419 sit,
1704 2375 1751 2408 ut
1778 2383 1825 2407 ex

394 2435 735 2487 propositionibus
769 2445 849 2471 non
886 2434 991 2472 veris
1029 2447 1126 2471 vera
1162 2434 1375 2483 proveniat
1411 2433 1637 2481 conclusio,
1673 2436 1824 2479 tamen,

395 2497 638 2546 simulatque
667 2496 954 2534 demonstratio
982 2496 1218 2547 producitur
1244 2493 1302 2541 εἰς
1327 2496 1374 2535 τὸ
1402 2497 1503 2543 ἄνω,
1530 2499 1576 2532 ut
1601 2496 1825 2544 probentur

394 2559 691 2611 propositiones
717 2557 841 2607 ipsae,
869 2559 976 2595 unde
1004 2558 1236 2596 conclusum
1263 2558 1326 2605 sit,
1353 2557 1484 2596 falsae
1510 2555 1825 2595 ratiocinationis

395 2623 544 2662 falsum
569 2620 709 2670 utique
738 2632 830 2658 esse
856 2620 1094 2672 principium
1122 2623 1315 2671 apparet,
1355 2631 1482 2658 verae*
1509 2618 1824 2658 ratiocinationis

397 2696 540 2723 verum
567 2683 643 2732 (vs.
665 2681 758 2732 26),
798 2682 996 2732 principia
1033 2695 1129 2721 vero
1165 2681 1266 2720 falsa
1307 2685 1349 2721 et
1375 2695 1469 2720 vera
1496 2693 1643 2732 reapse
1670 2680 1824 2719 diversa

398 2750 503 2785 sunt.
530 2766 582 2773 —
631 2744 700 2784 Vs.
720 2747 772 2785 20
795 2742 1030 2784 Βήῃάἰείιιε
1060 2744 1232 2795 (variet.
1257 2744 1350 2783 lect.
1370 2744 1556 2793 Aristot.)
1575 2743 1657 2794 legi
1675 2741 1827 2781 mavult
