1872 3126
660 212 950 248 ΤοΠΙΚ-ΩΝ
980 215 1011 247 ι.
1483 210 1557 251 28]

91 310 321 373 εὐορκεῖν,
368 308 394 358 6
425 308 465 358 δ’
495 308 663 372 ὀμόσας
692 311 971 375 ἐπιορκήσειν
992 308 1170 372 εὐορκεῖ
1185 310 1403 373 ἐπιορκῶν
1421 314 1560 358 τοῦτο

90 378 244 441 μόνον,
280 377 458 439 ειῖορκεῖ
487 380 534 427 δὲ
568 376 648 426 οὔ·
692 377 792 426 οὐδ’
829 377 856 426 6
890 377 1088 426 ἀπειθῶν
1121 379 1332 435 πείθεται,
1369 376 1484 431 ἀλλά
1518 397 1559 425 τι
1576 389 1600 423 b

89 448 302 494 πείθεται.
348 444 503 507 ὅμοιος
536 445 576 493 δ’
610 443 637 493 6
670 446 806 509 λόγος
839 448 913 492 καὶ
945 447 1045 506 περὶ
1078 450 1163 493 τοῦ
1184 445 1446 500 ’ψεύδεσθαι
1478 444 1558 493 τὸν

93 513 233 562 αὐτὸν
254 512 343 574 ἅμα
365 515 437 560 καὶ
460 511 724 578 ἀληθεύειν·
761 512 876 560 ἀλλὰ
910 512 984 560 διὰ
1010 511 1063 560 τὸ
1095 511 1156 577 μὴ
1189 510 1299 560 εἶναι
1330 512 1559 577 εὐθεώρη-

90 599 191 638 τον,
235 582 433 641 ποτέρως
454 579 510 628 ἄν
530 601 596 638 τις
618 579 812 644 ἀποδοίη
836 580 887 628 τὸ
911 580 1064 637 ἁπλῶς
1086 581 1328 644 ἀληθεύειν
1348 578 1378 643 ἢ
1395 581 1559 637 ψεύδε-

91 654 217 707 σθαι,
247 649 474 696 δύσκολον
494 650 708 709 (pat'ffvetat
753 648 917 696 κωλύει
939 647 978 695 δ’
998 647 1135 696 αὐτὸν
1158 647 1294 696 οὐδεν
1312 647 1462 706 ἁπλῶς
1483 649 1562 709 μεν
1576 664 1594 692 ⁵

91 713 200 763 εἶναι
229 719 400 779 ψευδῆ,
446 721 510 777 πῇ
547 714 586 763 δ’
615 715 768 779 ἀληθῆ
798 715 828 779 ἢ
857 716 1000 773 τινός,
1045 718 1119 763 καὶ
1138 713 1247 763 εἶναι
1271 714 1423 779 ἀληθῆ
1449 715 1560 773 τινά,

91 782 244 847 ἀληθῆ
269 784 317 830 δε
338 783 412 847 ιιή.
462 782 627 844 ὁμοίοις
655 785 702 830 δὲ
735 785 808 830 καὶ
829 785 898 831 ἐπὶ
926 788 1014 830 τῶν
1040 785 1156 843 πρός
1184 803 1225 830 τι
1254 785 1329 830 καὶ
1358 787 1452 830 ποῦ
1483 785 1560 830 καὶ

89 851 220 898 πότε·
255 851 413 908 πάντες
424 849 508 912 γὰρ
524 852 567 898 οῖ
586 856 786 899 τοιοῦτοι
797 851 924 914 λόγοι
937 850 1057 910 παρὰ
1069 856 1205 898 τοῦτο
1218 852 1558 912 συμβαίνουσιν.

89 911 160 978 ἀρ’
181 916 210 982 ἡ
231 916 424 980 ὑγίεια’Ν
394 938 423 982 η
451 916 477 964 6
506 923 704 976 πλοῦτος
733 917 930 981 ἀγαθόν,·
976 917 1088 965 ἀλλὰ
1108 923 1170 965 τῶ
1201 917 1363 980 ἄφρονι
1394 920 1468 965 καὶ
1497 917 1559 982 μὴ

89 984 244 1045 ὀρθῶς
263 987 468 1051 χρωιιένω
490 984 575 1033 οὐκ
597 985 795 1047 ἀγαθόν·
830 985 1007 1048 ἀγαθὸν
1035 985 1122 1047 ἄρα
1149 988 1224 1032 καὶ
1253 985 1340 1034 οὐκ
1367 984 1556 1051 ἀγαθόν.
1577 1004 1610 1032 ιο

90 1046 178 1113 ἀρα
201 1051 252 1099 τὸ
273 1052 489 1115 ὑγιαίνειν
512 1072 538 1116 η
563 1053 793 1100 δύνασθαι
816 1055 862 1101 ἐν
879 1054 1003 1101 πόλει
1017 1052 1221 1117 ἀγαθόν,·
1246 1052 1342 1100 ἀλλ’
1352 1055 1468 1100 ε’στιν
1486 1052 1558 1101 ὅτε

88 1118 148 1167 οὐ
175 1121 370 1180 βέλτιον·
415 1118 581 1167 ταύτὸν
610 1119 696 1180 ἄοα
727 1140 787 1167 τω
813 1120 940 1168 αὐτοῖ
959 1120 1136 1183 ἀγαθὸν
1154 1123 1228 1167 καὶ
1258 1119 1346 1168 οὐκ
1369 1119 1556 1182 ἀγαθόν.

87 1184 119 1249 ἢ
155 1186 292 1234 οὐδὲν
324 1187 489 1234 κωλύει
524 1186 676 1245 ἁπλοῖς
712 1186 766 1235 ὂν
800 1169 974 1250 ἀγαθὸν
1005 1192 1118 1254 τῶδε
1152 1186 1214 1251 μὴ
1237 1184 1346 1234 εἶναι
1369 1186 1558 1255 ἀγαθόν,

86 1251 118 1314 ἢ
137 1258 246 1337 τῷδε
265 1273 344 1315 μεν
363 1253 550 1315 ἀγαθόν,
587 1254 683 1301 ἀλλ’
704 1253 764 1302 οὐ
780 1260 865 1303 νῦν
885 1253 915 1318 ἢ
946 1254 1032 1302 οὐκ
1037 1235 1232 1303 ἐνταῦθ’
1255 1254 1440 1317 ἀγαθόν.
1487 1254 1559 1315 ἀρ’

86 1319 113 1368 ὃ
132 1341 193 1385 μη
211 1321 407 1383 βούλοιτ’
426 1320 480 1369 ι’ἷῖν
503 1320 529 1368 6
555 1322 803 1384 φρόνιιιος,
836 1323 1005 1376 κακόν,·
1039 1321 1281 1384 ἀποβαλεῖν
1303 1321 1342 1370 δ’
1361 1322 1420 1370 οὐ
1443 1323 1557 1383 βού-
1575 1340 1610 1368 15

85 1392 205 1436 λεται
235 1387 457 1451 τάγαθόν·
502 1389 644 1437 κακὸν
676 1409 762 1450 αοα
793 1389 1004 1452 τάγαθόν.
1059 1389 1119 1438 ού
1139 1388 1221 1451 γὰρ
1242 1389 1406 1437 ταύτὸν
1425 1391 1559 1437 εἰπεῖν

85 1455 288 1518 τάγαθὸν
317 1454 426 1504 εἶναι
460 1455 603 1504 κακὰν
639 1460 714 1504 καὶ
743 1456 795 1504 τὰ
838 1457 1078 1518 ἀποβαλεῖν
1112 1456 1327 1519 τάγαθόν.
1395 1454 1560 1516 ὁμοίως

85 1524 134 1569 δὲ
154 1525 230 1569 καὶ
250 1522 276 1570 6
301 1529 388 1570 τοῦ
416 1525 610 1570 κλέπτου
632 1524 782 1586 λόγος.
838 1524 898 1572 οὐ
926 1523 1009 1586 γὰρ
1046 1526 1084 1571 εἰ
1114 1524 1255 1570 κακόν
1275 1525 1390 1571 ἐστιν
1409 1522 1436 1570 6
1456 1525 1558 1571 κλέ-

87 1604 212 1652 πτης,
247 1592 322 1636 καὶ
342 1589 395 1636 vd
419 1594 566 1651 λαβεῖν
587 1592 675 1637 ἐστὶ
697 1592 858 1637 κακόν·
897 1590 1074 1637 οὔκουν
1094 1589 1146 1636 τὸ
1173 1589 1315 1637 κακὸν
1336 1590 1556 1650 βούλεται,

86 1655 200 1703 ἀλλὰ
219 1655 444 1718 τάγαθόν·
493 1655 545 1704 τὸ
577 1656 660 1719 γὰρ
691 1661 839 1718 λαβεῖν
869 1656 1044 1719 ἀγαθὸν
1074 1656 1260 1719 ἀγαθόν.
1316 1659 1391 1704 καὶ
1415 1656 1445 1720 ἡ
1478 1657 1609 1705 116-20

86 1736 167 1781 σος
186 1724 329 1770 κακόν
351 1725 489 1781 ἐστιν,
535 1723 632 1770 ἀλλ’
663 1724 724 1771 οιῗ
753 1723 805 1771 τὸ
839 1724 1077 1785 ἀποβαλεῖν
1098 1725 1247 1771 νόσον.
1302 1718 1389 1785 ἆρα
1412 1723 1464 1771 τὸ
1487 1726 1556 1771 δί-

84 1810 216 1838 καιον
225 1795 310 1838 τοῦ
322 1790 482 1838 ἀδίκου
501 1792 575 1837 καὶ
594 1789 645 1838 τό
656 1793 838 1849 δικαίως
856 1797 942 1839 τοῦ
953 1791 1116 1849 ἀδίκως
1127 1790 1432 1853 αἱρετωτερον;
1459 1790 1557 1838 ἀλλ’

86 1857 334 1906 ἀποθανεῖν
353 1857 516 1915 ἀδίκως
537 1858 831 1919 αἱρετώτερον.
890 1853 976 1918 ἆρα
1009 1858 1183 1906 δίκαιόν
1217 1860 1306 1906 ἐστι
1333 1857 1386 1905 τιὶ
1411 1857 1557 1906 αὐτοῦ

83 1926 194 2010 εἴχειν
213 1927 420 1979 ε’καστονς
455 1945 484 1972 α
507 1925 546 1972 δ’
565 1924 621 1972 ἄν
640 1945 705 1984 τις
726 1927 854 1987 κρίνη
877 1926 987 1973 κατά
1008 1925 1142 1982 δόξαν
1159 1925 1242 1988 τὴν
1263 1924 1435 1986 αυτοῦ,
1471 1924 1556 1974 κᾶν

83 2012 114 2054 ῃ
137 1993 322 2056 ψευδής,
341 1992 476 2053 κυριά
499 1993 614 2040 ἐστιν
634 1994 681 2040 ἐκ
699 1998 788 2041 τοῦ
804 1993 970 2054 νόμου·
1004 1991 1055 2040 τὸ
1067 1992 1273 2054 αὕτὸἶίρα
1289 1963 1462 2040 δίκαιόν
1480 1996 1554 2040 καὶ
1570 2010 1606 2038 2⁵

83 2059 144 2107 ου’
165 2062 349 2107 δίκαιον.
398 2063 473 2107 καὶ
517 2060 683 2120 πότερα
707 2065 777 2108 δεῖ
797 2063 960 2119 κρίνειν
981 2060 1059 2108 τὸν
1080 2081 1134 2108 τα
1153 2063 1300 2108 δίκαια
1318 2059 1554 2122 λέγονταἋ
1523 2080 1553 2124 η

82 2125 166 2174 τὸν
196 2126 250 2174 τὰ
274 2126 433 2182 αδικα,·
477 2126 589 2174 ἀλλὰ
613 2127 704 2192 μὴν
724 2130 798 2174 καὶ
819 2128 901 2175 τὸν
922 2128 1220 2196 ἀδικούμενον
1242 2128 1420 2175 δίκαιόν
1437 2129 1555 2175 ἐστιν

85 2195 246 2251 ἱκανως
265 2192 442 2254 λέγειν
426 2215 453 2241 α
483 2195 668 2241 ἔπαθεν·
705 2200 845 2242 ταῦτα
867 2194 906 2243 δ’
927 2189 987 2259 ἦν
1016 2195 1160 2243 αδικα.
1222 2194 1283 2242 ού
1303 2214 1386 2256 γαρ
1407 2196 1445 2241 εἰ
1465 2211 1554 2242 πα-

83 2266 182 2308 θεῖν
196 2279 237 2308 τι
260 2259 424 2320 ἀδίκως
448 2262 648 2323 αἱρετόν,
683 2261 736 2310 τὸ
759 2261 922 2322 ἀδίκως
944 2263 1225 2326 αἱρετώτερον
1245 2267 1333 2310 τοῦ
1353 2263 1552 2320 δικαίως·

175 2457 218 2490 39
244 2452 264 2489 6
290 2452 339 2500 δ’]
368 2453 413 2490 ου’
438 2452 507 2501 γὰρ
532 2468 565 2489 ιι.
591 2475 637 2483 -
667 2458 794 2501 τοῦτο]
821 2456 917 2503 πλὴν
941 2460 1052 2494 τοῦτο
1081 2460 1125 2492 D.

174 2500 291 2536 18⁰b4
321 2499 480 2547 πότερον
503 2514 536 2535 ιι.
570 2520 614 2527 -
648 2500 796 2547 ἐπιδοίη
823 2504 846 2536 i.
881 2524 918 2529 -
959 2503 1000 2539 τὸ
1030 2517 1086 2537 om
1108 2516 1151 2544 u,
1186 2515 1227 2546 pr
1252 2515 1278 2535 c.
1313 2521 1356 2527 —
1390 2495 1416 2547 ᾖ
1445 2503 1482 2536 C.
1511 2522 1549 2527 —

84 2547 106 2580 5
132 2546 320 2587 δυσκόλως
346 2548 447 2586 Dein,
472 2560 513 2590 pr
538 2549 577 2580 A.
602 2565 646 2573 -
679 2549 699 2581 6
723 2516 801 2592 καιη]
829 2545 851 2593 ἢ
879 2551 916 2583 C.
941 2569 984 2575 —
1018 2550 1037 2583 7
1052 2549 1152 2605 ποῦ]
1179 2548 1258 2587 πῶς
1286 2549 1336 2586 D,
1360 2550 1429 2600 ποῖ
1450 2560 1484 2581 ιι.
1509 2566 1550 2572 —-

84 2590 148 2625 καὶ
173 2603 228 2623 om
253 2593 276 2624 ἰ.
314 2611 355 2617 -
394 2594 430 2626 11
460 2591 556 2626 εστιν
581 2606 654 2635 αροι
679 2606 739 2628 otc
768 2595 808 2627 D
845 2613 888 2620 —·
926 2597 966 2628 12
990 2592 1104 2629 ταύτὸ
1134 2595 1222 2627 BDi.
1247 2613 1294 2618 —
1327 2589 1451 2637 ταύτῷ
1479 2590 1552 2635 ἄρα

83 2633 126 2670 τὸ
154 2633 246 2670 avt-6
274 2638 312 2670 G.
346 2656 391 2663 —
428 2639 468 2671 15
494 2646 528 2670 et
556 2639 596 2671 17
622 2637 848 2694 ἀποβάλλειν
874 2652 923 2673 cu.
957 2659 1001 2666 —
1043 2641 1082 2672 16
1108 2647 1143 2671 et
1172 2640 1210 2672 17
1244 2637 1285 2672 τὸ
1312 2626 1462 2679 ἀγαθόν
1489 2639 1551 2679 Cu,

86 2682 128 2715 17
153 2681 203 2714 alt
228 2693 255 2714 ο.
282 2701 326 2706 -
366 2682 407 2715 16
430 2680 544 2717 ταύτὸ
571 2685 613 2717 A.
641 2704 683 2710 —
719 2686 764 2718 20
790 2684 836 2728 ἀγ
839 2683 938 2720 αθόν
963 2697 1018 2718 om
1046 2685 1142 2718 Dcui.
1181 2702 1225 2708 -
1260 2685 1299 2717 21
1330 2682 1552 2738 ἀποβάλλειν

86 2727 150 2760 Dc.
179 2743 222 2750 —
253 2727 299 2759 22
323 2726 391 2760 τοῦ
415 2725 553 2767 ἀδίκως
575 2727 618 2764 τὸ
647 2730 797 2769 δικαίως
819 2743 853 2764 ιι.
885 2750 931 2757 -
963 2732 1008 2764 23
1035 2728 1110 2764 ἐστι
1135 2741 1190 2761 om
1214 2741 1248 2762 u.
1281 2747 1324 2754 —
1362 2731 1406 2762 24
1431 2727 1552 2763 αὐτοῦ

85 2771 196 2805 Aeni.
218 2789 260 2799 —-
293 2771 338 2805 25
362 2773 485 2816 ψευδῆ
513 2775 595 2807 Duc.
620 2793 667 2801 —
698 2777 742 2809 26
767 2774 828 2809 καὶ
855 2788 912 2808 om
939 2777 983 2809 D.
1009 2795 1052 2799 —
1085 2775 1233 2819 κρίνειν]
1261 2773 1419 2816 εἰκάζειν
1442 2787 1496 2818 mg
1521 2786 1549 2808 c.

84 2835 130 2844 -—
155 2814 201 2851 τὰ
226 2828 281 2850 om
305 2828 339 2849 ιι.
364 2835 410 2842 --
431 2818 475 2852 27
501 2830 543 2861 pr
566 2816 633 2854 τὸν
657 2831 714 2853 om
743 2822 783 2854 D.
809 2839 855 2847 —
877 2821 924 2854 28
948 2818 1076 2860 ἱκανὸς
1100 2832 1142 2863 pr
1168 2821 1209 2853 A.
1234 2837 1279 2845 —
1304 2820 1348 2853 29
1373 2832 1458 2855 τινα
1484 2821 1525 2854 D.
