1806 3132
661 223 953 258 ΤΟΠΙΚΩΝ
981 225 1023 258 Ε.
1505 222 1583 263 151

116 321 231 367 ἴδιον
252 317 367 380 πρὸς
389 321 526 367 ἵππον
548 317 618 367 ὅτι
639 321 823 368 δίπουν·
860 319 1101 383 ἄνθρωπος
1119 323 1202 382 μὲν
1220 319 1308 384 γὰρ
1326 323 1402 368 καὶ
1422 319 1488 369 ἀεὶ
1509 324 1586 370 καὶ

113 392 202 445 πᾶς
224 387 312 434 ἐστὶ
331 388 506 446 δίπους,
532 387 719 446 ἱπποςδ
731 387 883 446 (ηῗδείς
894 390 986 437 ἐστι
1005 391 1166 448 δίπους
1176 388 1405 437 οὐδέποτε.
1442 388 1502 448 ὥς
1515 391 1584 437 ἐπὶ
1602 409 1637 437 ιο

112 454 165 502 τὸ
184 453 305 502 πολυ
325 457 373 502 δὲ
393 457 466 502 καὶ
483 456 530 503 ἐν
548 462 642 514 τοῖς
663 458 896 515 πλείστοις,
915 457 1120 518 καθάπερ
1139 456 1192 505 τὸ
1205 460 1587 521 λογιστικοῦῖδιον

110 521 224 584 πρὸς
254 521 581 587 ἐπιθυμητικὸν
599 526 674 570 καὶ
701 523 904 585 θυμικὸν
930 530 995 591 τῷ
1024 523 1076 572 τό
1108 527 1189 587 μὲν
1216 525 1499 587 προστάττειν
1530 524 1583 573 τὸ

111 590 151 638 δ’
181 589 438 654 ὑπηρετεῖν·
491 590 594 639 οὔτε
627 589 712 654 γὰρ
744 591 795 639 τὸ
826 573 1078 655 λογιστικὸν
1108 593 1291 641 πάντοτε
1314 593 1583 654 προστάττει,

111 657 206 705 ἄλλ’
225 659 360 706 ἐνίοτε
388 660 462 705 καὶ
482 659 807 718 προστάττεται,
843 659 948 708 οὔτε
973 659 1024 708 τὸ
1045 659 1374 726 ἐπιθυμητικὸν
1395 663 1469 708 καὶ
1488 667 1583 708 θυ-

109 724 243 794 μικὸν
277 725 342 773 άεὶ
376 726 685 787 προστάττεται
699 763 711 783 ,
740 727 869 774 ἀλλὰ
902 730 978 775 καὶ
1010 729 1267 791 προστάττει
1299 729 1429 787 ποτέ,
1476 727 1584 777 ὅταν
1600 745 1635 773 1⁵

109 795 140 855 ᾐ
156 791 364 857 μοχθηρά
386 792 418 857 ή
438 793 566 858 ’ψυχὴ
587 800 672 842 τοῦ
690 794 953 856 άνθρώπου.

217 866 317 909 Τῶν
364 860 403 908 δ’
450 863 575 909 ἰδίων
617 863 708 910 ἐστὶ
750 862 908 926 λογικὰ
942 862 1130 924 μάλιστα
1160 862 1215 909 τά
1247 881 1293 910 τε
1327 861 1434 910 καθ’
1468 861 1584 910 αὐτὰ

107 930 191 984 καὶ,
211 928 279 977 άεὶ
307 930 383 975 καὶ
410 928 464 975 τὰ
486 929 603 991 πρὸς
623 932 781 992 ἕτερον.
838 929 892 979 τὸ
922 933 1002 992 μὲν
1027 929 1113 993 γὰρ
1143 929 1259 993 πρὸς
1289 931 1436 992 ἕτερον
1470 931 1585 978 ἴδιον

107 998 243 1044 πλείω
276 996 570 1061 προβλήματά
605 999 719 1056 ἐστι,
767 998 974 1060 καθάπερ
1017 1001 1194 1059 εἴπομεν
1237 1000 1313 1045 καὶ
1344 998 1581 1058 πρότερον·

109 1062 139 1128 ἢ
165 1063 250 1127 γάρ
280 1065 340 1112 δύ
331 1084 369 1111 ο
399 1062 429 1128 ἢ
470 1067 651 1127 τέτταρα
672 1065 770 1123 ἐξ’
741 1066 938 1130 ανάγκης
968 1068 1163 1129 γίνονται
1192 1065 1247 1113 τὰ
1267 1066 1579 1130 προβλήματα·
1597 1082 1633 1110 ιο

106 1135 290 1190 πλείους
312 1125 400 1179 οὖν
427 1134 470 1180 οἱ
490 1133 614 1196 λόγοι
634 1135 828 1196 γίνονται
847 1133 965 1196 πρὸς
981 1132 1241 1181 ταῦτα.τὸ
1266 1136 1314 1180 δὲ
1335 1132 1442 1180 καθ’
1464 1132 1580 1180 αὐτὸ

105 1201 181 1246 καὶ
211 1198 266 1247 τὸ
297 1199 364 1247 άεὶ
394 1199 508 1261 πρὸς
528 1200 675 1248 πολλὰ
701 1203 816 1249 ἔστιν
839 1199 1119 1286 ἐπιχειρεῖνἫ
1088 1221 1118 1266 η
1136 1199 1254 1262 πρὸς
1269 1203 1454 1258 πλείους
1470 1200 1582 1262 χρό-

106 1286 218 1326 νους
250 1274 533 1330 παρατηρεῖν,
567 1268 618 1316 τὸ
643 1288 722 1330 μεν
749 1268 853 1317 καθ’
877 1268 991 1316 αὐτὸ
1010 1267 1124 1330 πρὸς
1144 1268 1312 1316 πολλά·
1348 1267 1461 1328 πρὸς
1480 1270 1582 1315 ε’κα-

105 1348 214 1383 στον
239 1333 325 1398 γὰρ
347 1340 436 1383 τῶν
460 1334 605 1384 ὄντων
631 1341 700 1385 δεῖ
714 1337 928 1399 ὑπάρχειν
948 1336 1071 1404 αὐτῷ
1090 1335 1144 1384 τὸ
1169 1339 1307 1393 ιδιον,
1343 1335 1446 1384 ὥστ’
1463 1337 1501 1383 εἰ
1520 1334 1583 1400 μὴ

105 1402 225 1487 πρὸς
261 1401 436 1450 ἅπαντα
469 1406 719 1490 χωρίζεται,
761 1404 849 1453 οὐκ
882 1425 938 1453 αν
971 1407 1039 1469 εἴη
1072 1409 1222 1463 καλῶς
1255 1403 1632 1465 ἄποδεδομένονεε

104 1469 159 1518 τὸ
181 1473 308 1517 ιδιον.
352 1469 404 1518 τὸ
425 1470 464 1519 6⁹
484 1471 552 1519 οἷεὶ
572 1471 688 1533 πρὸς
708 1471 912 1530 πολλοὺς
931 1473 1123 1534 χρόνους
1139 1478 1307 1536 τηρεῖν·
1342 1491 1429 1519 καν
1447 1470 1530 1534 γὰρ
1546 1473 1584 1518 εἰ

105 1536 167 1601 μή
211 1536 405 1599 υπάρχει
449 1559 534 1586 καν
580 1543 618 1588 εἰ
650 1539 712 1604 μὴ
745 1539 919 1603 ὑπῆρξε
952 1559 1037 1588 καν
1070 1542 1109 1587 εἰ
1141 1538 1202 1603 μὴ
1234 1537 1448 1599 υπάρξει,
1494 1537 1583 1586 οὐκ

107 1607 226 1652 ἔσται
263 1607 390 1652 ἴδιον.
454 1605 505 1654 τὸ
545 1608 591 1653 δὲ
631 1609 738 1655 ποτὲ
767 1607 885 1667 πρὸς
915 1606 997 1654 τὸν
1030 1612 1116 1654 νῦν
1156 1606 1394 1669 λεγόμενον
1420 1606 1586 1667 χρόνον

108 1674 455 1734 ἐπισκοποῦμεν·
484 1672 660 1723 οὔκουν
679 1676 761 1722 εἰσὶ
782 1674 914 1736 λόγοι
931 1673 1046 1733 πρὸς
1068 1672 1181 1721 αὐτὸ
1192 1676 1364 1721 πολλοί.
1399 1671 1585 1735 λογικὸν

106 1742 154 1787 δε
179 1739 300 1787 τοῦτ’
319 1741 418 1787 ἐστὶ
443 1741 683 1804 πρόβληιια
710 1740 825 1803 πρὸς
856 1739 884 1788 ὃ
910 1741 1036 1804 λόγοι
1057 1740 1238 1803 γένοιντ’
1258 1738 1314 1788 ὃν
1329 1742 1403 1788 καὶ
1425 1742 1583 1802 συχνοὶ
1598 1756 1634 1784 so

104 1809 180 1855 καὶ
205 1808 347 1854 καλοί.

212 1873 279 1922 Τὸ
302 1893 381 1936 ιιεν
404 1875 491 1921 οὖν
509 1872 622 1935 πρὸς
644 1875 793 1935 ε’τερον
811 1845 926 1922 ιδιον
946 1858 1089 1938 ῥηθεν
1110 1875 1156 1922 ἐκ
1171 1893 1258 1921 των
1275 1875 1374 1935 περὶ
1393 1872 1446 1921 τὸ
1463 1886 1580 1936 συμ-

103 1940 290 2006 βεβηκὸς
322 1941 473 1989 τόπων
504 1943 787 1990 ἐπισκεπτέον
817 1943 946 1999 ἐστίν,
982 1944 1020 1990 εἰ
1050 1947 1113 2009 τῷ
1143 1961 1223 2003 μεν
1248 1942 1498 2006 συμβέβηκε
1517 1946 1581 2009 τῷ

106 2011 153 2058 δὲ
187 2009 248 2074 μὴ
284 2011 582 2073 συμβέβηκεν·
634 2011 733 2071 περὶ
778 2012 826 2057 δὲ
870 2014 958 2057 τῶν
993 2009 1062 2057 dez
1096 2012 1170 2057 καὶ
1202 2014 1290 2057 τῶν
1323 2009 1430 2057 καθ’
1464 1992 1579 2058 αὐτὸ

105 2076 178 2125 διὰ
199 2081 333 2125 τῶνδε
353 2078 616 2141 θεωρητέον.
1234 2088 1242 2093 ·
1593 2094 1632 2122 ⁸⁵

200 2206 241 2238 10
268 2204 399 2244 ου’θεὶς
423 2204 556 2243 δίπους
582 2203 680 2238 ἐστὶν
708 2205 743 2237 C.
772 2222 813 2228 -
842 2205 880 2238 11
908 2203 976 2237 τοῦ
994 2204 1061 2236 GP.
1088 2222 1132 2228 —
1158 2203 1258 2238 ἴδιον
1280 2200 1323 2237 τὸ
1345 2214 1473 2257 αρχειν
1485 2200 1580 2248 πρὸς

106 2248 208 2284 ἐπιθ.
233 2249 297 2284 καὶ
320 2248 535 2293 θυμητικόν
562 2251 597 2282 C.
624 2269 669 2275 —
712 2251 750 2282 12
774 2246 868 2289 πρὸς
892 2248 935 2283 τὸ
963 2247 1064 2283 ἐπιθ.
1095 2249 1132 2281 Ρ.
1167 2267 1208 2272 -
1243 2249 1306 2282 καὶ
1331 2246 1497 2291 θυμικὸν
1521 2260 1578 2280 om

109 2296 141 2329 Ρ
160 2303 195 2327 et
220 2308 260 2338 pr
286 2307 319 2328 ιι.
342 2315 389 2320 —
410 2296 453 2329 τὸ
478 2308 512 2337 ιι
539 2307 595 2328 om
614 2296 648 2328 P.
662 2314 707 2320 ·—
737 2296 776 2328 13
801 2293 842 2329 δὲ
867 2292 1185 2339 προστάττεσθαι·
1210 2292 1297 2328 ου’δὲ
1314 2295 1375 2327 Ριι.
1393 2314 1431 2319 -
1463 2295 1503 2326 14
1516 2306 1579 2327 και

106 2339 148 2375 τὸ
172 2342 384 2398 θυμητικὸν
411 2341 465 2383 Cf
498 2359 539 2364 —
578 2342 618 2374 15
644 2336 719 2374 ἀλλ’
746 2338 860 2374 ἐνίοτε
886 2340 949 2374 καὶ
977 2341 1013 2373 C
1050 2358 1090 2364 —-
1124 2339 1213 2373 ποτέ
1247 2353 1301 2372 om
1331 2341 1391 2372 Cn.
1416 2358 1457 2363 —
1489 2339 1527 2372 16
1553 2332 1581 2395 ᾖ

105 2394 186 2419 ante
212 2384 233 2429 ἡ
263 2387 324 2425 Ριι,
350 2399 405 2418 om
434 2388 472 2419 A.
499 2406 541 2412 —-
566 2386 631 2420 τοῦ
657 2383 864 2428 ἀνθρώπου
889 2384 1046 2429 ψυχήΡ.
1074 2404 1112 2409 —-
1143 2386 1183 2419 17
1206 2397 1245 2419 τε
1272 2397 1327 2417 om
1350 2397 1383 2417 ιι
1411 2404 1454 2410 —-
1482 2383 1576 2418 αυτό

104 2445 139 2466 ιι.
150 2451 195 2457 -
223 2433 263 2465 18
286 2430 392 2474 ἕτερα
418 2434 526 2474 ABcf.
544 2450 585 2457 —
610 2433 655 2464 2⁴)
678 2432 833 2487 γίνεται
834 2433 892 2464 Cu.
904 2450 947 2456 —-
973 2433 1012 2477 21
1043 2430 1079 2465 οἱ
1104 2443 1159 2462 om
1184 2443 1216 2484 ²¹‚·
1231 2451 1272 2455 —
1300 2428 1396 2464 αὐτὰ
1426 2430 1519 2462 cPu.
1529 2448 1577 2456 —

105 2479 151 2511 22
173 2477 235 2511 καὶ
261 2489 302 2520 pr
327 2489 383 2510 om
409 2490 437 2510 ι·.
467 2498 502 2502 -
531 2476 573 2511 τὸ
601 2489 655 2509 om
682 2489 710 2510 c.
739 2497 779 2502 —
811 2474 849 2521 r]
877 2477 940 2511 καὶ
964 2489 996 2509 ιι.
1023 2495 1069 2501 -
1093 2478 1138 2510 94
1164 2474 1254 2509 αὐτὸ
1284 2489 1318 2508 ιι.
1350 2496 1385 2500 -
1413 2472 1577 2510 ἳὸαπαν

110 2524 146 2556 C.
175 2542 217 2547 —
252 2523 293 2556 τὸ
323 2520 433 2557 «inoff.
458 2535 491 2555 ιι.
517 2542 561 2549 -
592 2524 636 2556 26
662 2525 810 2562 πλείους
834 2535 887 2568 χρ.
891 2535 1101 2576 παρατηρ
1108 2525 1142 2554 ῖν
1170 2523 1206 2555 C.
1233 2541 1278 2547 —
1312 2519 1410 2564 είγὶ
1401 2533 1437 2565 ιρ
1463 2522 1574 2563 ABcf.

106 2588 151 2593 —
172 2566 262 2624 γὰρ
267 2570 323 2601 del
349 2569 442 2601 volw
435 2577 472 2602 nt
486 2570 552 2608 Au,
580 2581 635 2601 om
653 2569 721 2602 GP.
740 2589 780 2594 —
806 2571 848 2601 97
878 2564 1025 2613 ὑπάρχῃ
1050 2569 1194 2609 ABPm,
1221 2567 1294 2599 fort
1317 2579 1358 2619 pr
1375 2579 1408 2622 q,
1432 2563 1576 2622 υπῆρξε

111 2615 148 2646 C.
172 2633 219 2638 —
239 2612 397 2668 υπάρχει
427 2615 463 2647 C.
491 2634 533 2640 —
563 2612 714 2660 υπιίρξῃ
742 2616 880 2658 ABcnq.
907 2632 952 2639 -—-·
982 2616 1027 2646 ⁶2&
1050 2611 1156 2657 ποτε]
1183 2623 1272 2646 ποτε
1298 2609 1365 2645 ουίι
1391 2610 1430 2645 ἐν
1453 2610 1577 2652 ἄλλοις

107 2654 133 2702 ἢ
160 2660 250 2702 Bcf.
274 2678 318 2685 —
342 2657 385 2694 τό
414 2660 482 2694 νῦν
508 2672 548 2702 pr
571 2661 613 2694 A.
637 2679 678 2684 —
706 2661 749 2694 29
778 2659 1052 2702 ἐπισκοποῦμεν
1077 2670 1134 2691 om
1163 2660 1199 2691 C.
1228 2677 1267 2682 --
1295 2657 1388 2692 εἰσὶν
1412 2656 1448 2691 οἱ
1471 2655 1575 2700 λόγοι

106 2716 141 2736 ιι.
168 2725 208 2730 -
235 2706 279 2738 30
302 2706 467 2748 γίνονται
495 2707 541 2747 C,
565 2706 752 2749 γίγνονται
772 2718 814 2746 ιι,
838 2707 1030 2749 yt'vottos.
1057 2724 1095 2729 —
1136 2716 1182 2736 αν
1208 2715 1263 2734 om
1292 2703 1353 2736 Cu.
1378 2721 1422 2729 -
1455 2703 1575 2746 γίνον-

106 2762 169 2784 ται
194 2747 295 2793 λόγοι
319 2750 447 2785 πολλοὶ
471 2750 535 2785 καὶ
558 2752 666 2786 καλοί
694 2751 731 2786 Ρ.
764 2771 810 2777 -
843 2751 904 2786 καὶ
931 2750 1037 2785 καλοὶ
1061 2749 1124 2783 καὶ
1149 2748 1277 2804 συχνοί
1299 2761 1410 2793 ⁴1·-
1440 2749 1481 2783 31
1509 2761 1573 2783 κα-

108 2796 183 2834 zoi,
207 2793 544 2838 κατασκευάζονται
568 2795 609 2832 δε
632 2793 656 2840 ἢ
682 2796 738 2841 (εἰ
759 2809 837 2840 mg,
862 2797 924 2829 sed
949 2797 1012 2829 ead
1036 2796 1158 2834 manu]¹
1185 2791 1250 2828 διὰ
1273 2792 1574 2853 γνωριμωτέρων.

108 2839 151 2875 τὸ
178 2842 219 2875 B.
243 2861 288 2867 —
310 2843 353 2876 33
378 2840 454 2876 ἐστι
477 2850 557 2875 unte
580 2841 708 2877 τόπων
731 2843 768 2876 C.
791 2859 837 2868 —·
859 2841 928 2887 τῷ]
955 2839 997 2876 τὸ
1026 2841 1080 2873 bis
1102 2852 1136 2873 ιι.
1160 2858 1206 2865 -
1228 2840 1273 2874 84
1297 2837 1329 2874 δ’
1348 2839 1406 2876 οὕ.
1429 2840 1515 2886 περὶ
1534 2841 1572 2875 G·
