1786 3068
267 229 294 265 6
780 229 1177 262 ΑΝΑΛΤΤΙΚΩΝ

266 320 401 368 ου’δὲν
412 320 518 368 ἄλλο
527 322 662 384 λέγειν
672 320 703 384 ἢ
713 321 777 368 ὅτι
787 321 905 369 τοῦτ’
915 323 1026 370 ἔστιν
1037 324 1074 370 εἰ
1082 322 1200 370 τοῦτ’
1212 325 1342 370 ἔστιν·
1366 322 1483 371 οὕτω
1495 326 1540 372 δὲ
1551 326 1692 373 πάντα

217 403 251 431 85
267 386 419 451 ῥᾴδιον
439 386 583 442 δεῖξαι.
626 391 761 449 δῆλον
789 387 827 434 δ’
849 386 916 434 ὅτι
938 390 1071 435 τοῦτο
1091 391 1317 449 συμβαίνει
1337 395 1467 451 τριῶν
1488 389 1604 451 ὅρων
1622 410 1690 439 τε·-

266 453 450 499 θέντων·
494 452 544 498 τὸ
568 453 644 512 μεν
675 452 757 512 γὰρ
786 451 858 499 διὰ
885 459 1056 501 πολλῶν
1088 474 1116 517 η
1146 455 1199 538 δι’
1226 454 1381 516 ὀλίγων
1395 456 1692 538 ἀνακάμπτειν

214 575 216 578 γ
268 517 406 578 φάναι
427 517 559 564 ου’δὲν
585 519 804 600 διαφέρει,
838 518 892 565 δι’
916 518 1071 582 ὀλίγων
1090 519 1129 566 δ’
1150 518 1182 583 η’
1199 524 1336 567 δυοῖν.
1391 520 1493 568 ὅταν
1512 521 1592 583 γὰρ
1611 527 1692 569 τοῦ

268 587 305 628 Α
333 582 459 638 ὄντος
491 582 535 637 ἐξ
559 581 748 645 ἀνάγκης
773 578 802 644 ᾗ
833 583 884 631 τὸ
903 589 962 641 Β,
995 585 1157 632 τούτου
1184 587 1229 632 δε
1252 585 1302 632 τὸ
1322 590 1372 643 Γ,
1406 592 1491 633 τοῦ
1512 587 1584 633 A'
1567 587 1692 644 ὄντος

268 649 382 694 εσται
404 646 454 693 τὸ
476 652 525 692 Γ.
568 648 605 693 εἰ
624 646 682 710 δη
707 654 791 695 τοῦ
811 649 895 695 A''
868 669 994 707 οντος
1016 650 1179 714 ά-νάγκη
1201 650 1250 698 τὸ
1264 656 1301 697 Β
1322 657 1440 708 εἰναι,
1474 654 1636 700 τούτου
1655 653 1692 700 δ’

161 736 195 768 p.
206 724 251 758 73
268 711 395 769 ὄντος
413 711 464 758 τὸ
490 717 526 759 Α
522 715 697 794 (τοῦτο
719 714 801 776 γάρ
823 709 882 778 ἦν
900 716 949 762 τὸ
971 717 1155 787 κύκλῳ),
1190 718 1354 763 κείσθω
1379 717 1428 764 τὸ
1450 722 1508 773 Α,
1543 718 1609 780 ἐφ’
1633 712 1693 765 οὐ

264 777 314 824 τὸ
328 782 377 823 Γ.
412 776 462 823 τὸ
483 773 566 824 οὖν
584 797 666 825 του
647 780 766 825 B''
738 799 865 838 οντος
888 780 938 828 τὸ
960 788 997 828 Α
1009 788 1113 829 εἰναι
1127 784 1262 843 λέγειν
1275 784 1361 829 ἐστὶ
1380 782 1429 829 τὸ
1442 788 1487 830 Γ
1501 790 1608 830 εἰναι
1620 785 1691 831 λέ-

264 861 375 903 γειν,
407 848 540 890 τοῦτο
561 843 600 890 δ’
624 843 689 891 ὅτι
717 851 801 892 τοῦ
819 852 855 893 Α
885 846 1012 904 ὄντος
1031 847 1080 894 τὸ
1102 853 1147 894 Γ
1159 850 1263 894 ἐστί·
1305 847 1355 894 τὸ
1380 851 1426 895 δε
1451 853 1496 894 Γ
1508 854 1568 914 τῷ
1586 855 1622 895 A
1641 849 1691 896 τὸ

265 907 392 954 αυτό.
439 906 547 955 ὥστε
569 913 794 970 συμβαίνει
829 913 965 973 λέγειν
994 932 1099 970 τους
1128 913 1275 978 κύκλῳ
1307 915 1557 974 φάσκοντας
1580 912 1691 962 εἶναι

231 990 248 1018 ⁵
264 971 346 1036 την
367 972 588 1030 άπόδειξιν
608 976 781 1023 οὐδεν’
755 996 900 1036 ετερον
916 977 1066 1040 πλὴν
1049 977 1114 1025 ότι
1129 984 1212 1025 τοῦ
1232 961 1306 1025 A'
1290 978 1414 1036 όντος
1440 979 1491 1026 τὸ
1511 985 1548 1026 Α
1566 981 1689 1027 ἐστίν.

263 1037 380 1085 οὕτω
392 1041 438 1086 δε
455 1040 596 1087 πάντα
609 1041 767 1102 δεῖξαι
750 1042 916 1106 ὁάδιον.
955 1043 1012 1090 οὐ
1024 1042 1108 1106 μὴν
1122 1043 1213 1090 ἄλλ’
1226 1043 1331 1090 ουδε
1343 1050 1477 1091 τοῦτο
1489 1046 1691 1104 δυνατόν,

263 1103 381 1166 πλὴν
404 1106 469 1151 ἐπὶ
488 1106 657 1153 τούτων
676 1107 759 1154 ὅσα
780 1108 983 1170 άλλήλοις
1003 1111 1155 1165 ε’πεται,
1190 1108 1331 1169 ωσπερ
1358 1109 1410 1156 τὰ
1441 1113 1540 1157 ι’δια.
1595 1110 1693 1194 ενός

263 1171 341 1230 μὲν
364 1188 448 1216 ουν
464 1173 663 1230 κειμένου
684 1172 932 1220 δέδεικται
914 1172 980 1220 ότι
1010 1174 1212 1221 οὐδέποτ’
1231 1174 1399 1238 α’νάγκη
1420 1194 1456 1221 τι
1480 1174 1621 1222 εἷναι”
1605 1178 1692 1222 ε’τε-

264 1253 343 1296 ρον
363 1237 491 1297 (λέγω
509 1236 548 1283 δ’
565 1238 672 1294 ἑνός,
708 1237 772 1284 ὅτι
792 1238 892 1286 οὔτε
913 1237 1024 1300 ὅρου
1047 1239 1144 1296 ενὸς
1155 1239 1256 1286 οὔτε
1268 1242 1541 1301 θέσεωςμιᾶς
1550 1243 1692 1292 τεθεί-

214 1317 249 1344 10
265 1304 390 1363 σης),
436 1303 482 1347 ἐκ
510 1302 596 1349 δύο
629 1305 675 1349 δὲ
702 1305 871 1351 θέσεων
902 1305 1081 1364 πρώτων
1110 1307 1183 1351 καὶ
1214 1307 1442 1366 ἐλαχίστων
1472 1308 1692 1366 ἐνδέχεται,

263 1368 380 1425 εἴπερ
402 1369 474 1413 καὶ
496 1370 857 1430 συλλογίσασθαι.
910 1369 982 1416 ἐὰν
1007 1390 1084 1430 μεν
1103 1364 1188 1417 οὖν
1208 1371 1257 1417 τό
1274 1390 1317 1417 τε
1342 1378 1378 1428 A
1407 1377 1466 1437 τῷ
1485 1377 1522 1418 Β
1544 1375 1616 1418 καὶ
1633 1377 1694 1437 τῷ

265 1436 311 1477 Γ
330 1433 501 1495 ε’πηται,
546 1436 619 1480 καὶ
649 1434 768 1481 ταῦτ’
798 1435 1002 1495 άλλήλοις
1031 1438 1104 1482 καὶ
1131 1441 1195 1501 τ9ἶ
1223 1442 1280 1491 Α,
1329 1419 1447 1484 οὕτω
1472 1457 1549 1497 μεν
1578 1420 1693 1485 ἐνδέ-

211 1497 214 1499 ’
261 1516 375 1557 χεται
417 1497 464 1553 ἐξ
499 1497 698 1562 αλλήλων
735 1501 956 1548 δεικνύναι
998 1502 1138 1548 πάντα
1177 1501 1229 1548 τὰ
1270 1504 1501 1564 αἰτηθέντα
1542 1504 1586 1549 ἐν
1631 1508 1694 1567 τῷ

263 1563 420 1627 πρωτω
455 1564 662 1626 σχήματι,
719 1565 780 1622 (ὃς
810 1568 1017 1613 δέδεικται
1054 1569 1097 1613 ἐν
1129 1573 1218 1624 τοῖς
1251 1570 1345 1627 περὶ
1376 1573 1691 1630 συλλογισμοῦ.

214 1645 246 1672 15
263 1629 473 1674 δέδεικται
499 1633 546 1675 δε
575 1632 648 1676 καὶ
681 1629 745 1676 ὅτι
778 1632 821 1677 ἐν
850 1639 939 1689 τοῖς
970 1632 1136 1689 ἄλλοις
1145 1632 1361 1696 σχήμασιν
1390 1633 1419 1696 ἢ
1449 1633 1507 1680 ου’
1538 1636 1695 1696 γίνεται

263 1694 598 1754 συλλογισμὸς
578 1715 606 1757 η
628 1695 686 1741 οὔ
705 1699 800 1755 περὶ
819 1703 907 1744 τῶν
929 1700 1196 1760 ληφθέντων.
1250 1697 1302 1744 τά
1319 1700 1364 1744 δε
1387 1699 1446 1760 μὴ
1469 1699 1694 1762 άντικατη-

262 1759 510 1820 γοροι5μενα
527 1759 732 1820 οὕδαιιῶς
752 1763 838 1807 ε’στι
852 1763 1155 1828 δεῖξαικύκλω.
1191 1761 1446 1827 ὥστ’ἐπειδη
1466 1764 1590 1825 ὀλίγα
1601 1783 1692 1810 τοι-

265 1829 377 1870 αῦτα
398 1827 442 1871 ἐν
462 1832 554 1882 ταῖς
578 1825 839 1883 ἀποδείξεσι,
887 1827 1081 1888 φανερὸν
1114 1827 1181 1875 ὅτι
1211 1828 1336 1875 κενόν
1365 1849 1407 1876 τε
1430 1832 1503 1876 καὶ
1523 1829 1692 1877 άδύνα-

262 1908 337 1936 τον
363 1889 412 1936 τὸ
442 1893 580 1952 λέγειν
611 1891 657 1946 ἐξ
675 1891 874 1954 άλληλων
905 1891 1011 1940 εἶναι
1029 1894 1108 1957 τὴν
1130 1893 1347 1950 ἀπόδειξιν
1367 1898 1439 1941 καὶ
1465 1894 1536 1942 616
1560 1901 1693 1942 τοῦτο

212 1971 248 1998 20
263 1956 435 2003 πάντων
457 1957 705 2017 ἐνδέχεσθαι
726 1964 832 2004 εἰναι
852 1958 1082 2015 απόδειξιν.

213 2019 246 2062 4
355 2021 475 2068 Ἐπεὶ
499 2022 537 2069 δ’
562 2022 778 2070 άδύνατον
801 2023 976 2082 άλλως’
963 2045 1068 2086 εχειν
1087 2019 1145 2072 οὗ
1166 2026 1280 2071 ἐστὶν
1300 2024 1508 2088 ἐπιστήμη
1531 2023 1692 2083 ἄπλως,

265 2086 499 2148 άναγκαῖον
516 2087 569 2135 ὂὲν
586 2091 650 2151 εἴη
668 2089 719 2136 τὸ
737 2091 964 2153 ἐπιστητὸν
981 2091 1031 2138 τὸ
1051 2090 1160 2137 κατὰ
1178 2090 1256 2151 τὴν
1275 2090 1578 2152 άποδεικτικην
1600 2093 1691 2138 ἐπι-

264 2153 443 2235 στημην.
496 2154 770 2237 άποδεικτικη
800 2155 837 2202 δ
867 2157 1016 2204 ἐστὶν
998 2158 1052 2220 ἠν
1075 2159 1222 2217 ε’χομεν
1239 2161 1302 2221 τῷ
1325 2157 1433 2216 ε’χειν
1452 2156 1691 2212 άπόδειξιν·

263 2218 356 2273 έξ’
329 2221 572 2280 αναγκαίων
598 2219 687 2280 α’ρα
717 2223 1010 2283 συλλογισμός
1036 2225 1149 2269 ἐστιν
1174 2221 1202 2285 ἡ
1222 2203 1448 2279 άπόδειξις.
1509 2225 1694 2285 ληπτέον

213 2299 246 2327 2⁵
262 2283 346 2343 άρα
364 2286 410 2331 ἐκ
430 2287 557 2332 τίνων
569 2288 640 2332 καὶ
660 2289 797 2336 ποίων
818 2290 861 2334 αἱ
881 2288 1120 2346 ἀποδείξεις
1139 2289 1256 2335 εἰσίν.
1293 2302 1468 2348 πρωτον
1488 2290 1534 2334 δε
1556 2290 1692 2350 διορί-

334 2447 393 2525 39ἑ4
416 2441 534 2545 εἰ]βῆΡ
543 2457 584 2488 pr
609 2446 640 2478 d.
658 2464 709 2522 ἇ-
732 2428 996 2489 πάντῖοζΜ-
1022 2446 1151 2493 ῥᾴδιον
1174 2447 1296 2482 πάντα
1324 2449 1359 2482 C.
1383 2468 1420 2472 —
1447 2449 1490 2482 37
1514 2445 1560 2483 δι’
1580 2462 1633 2482 om
1656 2451 1690 2483 G.

265 2508 310 2516 —
401 2505 442 2525 το
538 2502 552 2520 r
579 2502 632 2522 Om
682 2515 690 2523 .

351 2535 435 2568 73a1
463 2533 503 2569 τὸ
525 2534 572 2588 α]
608 2532 747 2579 ἀνάγκη
771 2534 811 2569 τὰ
838 2549 862 2569 α
885 2533 980 2570 εἶναι
1001 2547 1034 2568 π.
1065 2554 1107 2561 -
1139 2537 1161 2568 2
1187 2537 1255 2570 τοῦ
1284 2548 1338 2569 om
1367 2538 1403 2568 A.
1435 2555 1479 2560 —
1511 2538 1578 2570 τοῦ
1603 2550 1626 2570 α
1650 2550 1692 2580 pr

263 2579 338 2611 dM.
365 2598 403 2604 —
429 2578 470 2613 τὸ
496 2577 537 2613 τὸ
562 2591 582 2621 γ
606 2580 735 2623 Adupf‚
763 2592 839 2612 cor·
867 2582 952 2613 (530.
980 2599 1019 2605 -—
1046 2577 1139 2613 εἶναι
1163 2588 1242 2623 post
1266 2580 1378 2624 λέγειν
1407 2581 1446 2619 F
1474 2593 1528 2613 om
1550 2583 1581 2614 A
1599 2589 1633 2614 et
1651 2594 1690 2624 pr

265 2623 375 2655 Bdun.
407 2643 443 2648 -
470 2626 489 2656 3
515 2622 587 2657 ἐστὶ
612 2636 666 2655 om
688 2627 739 2666 ns.
767 2644 805 2648 —
836 2626 857 2658 4
880 2624 994 2667 λέγειν
1019 2632 1099 2666 post
1123 2637 1244 2681 ετερον
1270 2626 1305 2658 G.
1331 2645 1372 2649 —
1397 2624 1497 2668 τοίς]
1523 2622 1564 2658 τὸ
1588 2639 1621 2658 n.
1645 2644 1689 2651 —

263 2665 393 2700 8εἶναι
416 2666 458 2701 τὸ
482 2680 515 2699 η.
533 2688 573 2693 —
603 2669 643 2701 12
666 2668 800 2721 καὶτῷ
824 2682 848 2702 οι
873 2681 927 2702 om
952 2670 1047 2712 prC.
1072 2687 1116 2692 —
1143 2671 1183 2703 15
1209 2666 1267 2704 ὅτι
1287 2668 1403 2710 καὶΒ,
1430 2670 1489 2703 καὶ
1515 2683 1562 2709 ως
1588 2671 1689 2703 F.—

266 2712 306 2744 17
330 2710 405 2744 ἐπεὶ
429 2712 462 2744 d.
499 2732 537 2736 —
572 2713 728 2747 τοιαῦτα
752 2703 854 2754 ὀλίγοι
881 2715 917 2746 C
945 2732 990 2737 —
1027 2713 1068 2746 18
1091 2713 1146 2756 τε]
1172 2727 1207 2747 τι
1232 2715 1264 2746 d.
1296 2732 1341 2739 —
1375 2696 1416 2746 19
1441 2713 1482 2748 τὸ
1509 2726 1563 2747 om
1588 2715 1622 2746 d.
1645 2733 1688 2740 —

263 2755 337 2799 καὶ]
363 2755 572 2799 ἐνδέχεσθαι
596 2756 702 2801 utup.
718 2777 759 2784 —
783 2759 826 2791 20
840 2756 1019 2802 ἐνδέχεται
1030 2758 1264 2802 ABCdupr.
1276 2778 1320 2782 —
1345 2755 1528 2800 ἀπόδειξιν
1541 2755 1686 2793 εἷναιΕ.
