1786 3068
293 204 346 242 28
817 200 1212 234 ΑΝΑΛΤΤΙΚΩΝ

294 296 485 360 φανερὸν
518 290 605 343 οὖν
637 292 702 340 ὅτι
735 291 794 355 μὴ
831 293 957 351 ὄντος
974 300 1056 342 τοῦ
1072 296 1210 354 μέσου
1231 292 1325 341 ὑπό
1354 292 1406 340 τό
1428 297 1462 339 Α
1481 295 1552 340 καὶ
1570 293 1714 355 ἄμφο-

293 365 418 424 τέρας
443 364 615 423 ἐγχωρεῖ
627 357 925 425 ψευδεῖςεῖναι
948 363 1021 407 καὶ
1045 359 1255 420 ὁποτέραν
1276 361 1431 419 ἔτυχεν.

245 444 279 471 35
400 431 620 486 Ποσαχώς
648 426 724 483 μὲν
757 425 841 470 οὐν
873 427 943 472 καὶ
971 425 1042 472 διὰ
1068 429 1193 472 τίνων
1223 426 1397 486 ἐγχωρεῖ
1416 425 1616 485 γίνεσθαι
1642 420 1718 478 τὰς

294 492 402 539 κατὰ
436 488 730 551 συλλογισμὸν
773 488 937 548 άπάτας
969 493 1013 538 ἕν
1045 510 1087 538 τε
1119 497 1209 548 τοῖς
1243 490 1417 550 άμέσοις
1449 490 1520 534 καὶ
1555 489 1599 535 ἐν
1630 493 1720 544 τοῖς

296 558 350 605 δι’
374 556 651 611 ἀποδείξεως,
685 556 887 614 φανερόν.

215 628 278 671 18
396 619 595 679 Φανερὸν
615 621 660 665 δὲ
679 621 751 665 καὶ
774 619 853 675 ὅτι,
888 622 932 667 εἴ
947 639 1010 677 τις
1032 622 1237 682 αἴσθησις
1263 620 1520 674 ἐκλέλοιπεν,
1555 617 1721 679 άνάγκη

293 689 365 732 καὶ
386 686 619 748 ἐπιστήμην
639 684 732 731 τινὰ
754 686 1060 741 ἐκλελοιπέναι,
1095 684 1152 747 ἣν
1173 684 1391 732 ἀδύνατον
1411 688 1569 743 λαβεῖν,
1603 685 1719 742 εἴπερ

244 751 570 810 ωμανθάνομεν
597 749 625 812 ἢ
659 751 855 812 ἐπαγωγῇ
877 750 908 813 ἢ
931 750 1153 805 ἀποδείξει.
1198 752 1283 797 ἔστι
1310 750 1348 796 δ’
1373 749 1402 812 ἡ
1432 752 1509 809 μὲν
1542 747 1718 794 άπόδει-

253 817 356 872 ὺξις
389 818 434 863 ἐκ
467 822 556 863 τῶν
588 816 809 871 καθόλου,
859 816 887 878 ἠ
925 816 963 862 δ’
996 814 1193 878 ἐπαγωγὴ
1227 817 1272 861 ἐκ
1304 819 1394 860 τοῖν
1425 813 1533 860 κατὰ
1566 814 1717 872 μέρος·

294 882 514 928 α’δύνατον
541 883 587 927 δὲ
618 879 669 926 τά
699 882 905 928 καθόλου
927 886 1151 944 θεωρῆσαι
1179 879 1238 942 μῆ
1261 880 1316 926 δι’
1344 881 1588 942 ἐπαγωγῆς,
1632 879 1720 924 ἐπεὶ

292 950 365 993 καὶ
408 946 460 993 τά
496 946 540 1002 ἐξ
573 946 843 1006 ἀφαιρέσεως
876 946 1081 1007 λεγόμενα
1115 947 1230 992 ἔσται
1262 945 1317 991 δι’
1351 947 1575 1007 ἐπαγωγῆς
1606 943 1720 1004 γνοί-

292 1032 396 1073 ριμα
428 1019 580 1070 ποιεῖν,
606 1010 681 1079 ,ὅτι
713 1012 899 1072 ὑπάρχει
933 1013 1096 1075 ἑκάστω
1125 1012 1233 1072 γένει
1259 1012 1360 1066 ἔνια,
1394 1013 1466 1056 καὶ
1493 1012 1529 1056 εἰ
1551 1007 1610 1070 μὴ
1633 1028 1718 1069 χω-

268 1078 417 1138 5ριστά
438 1080 564 1132 ἐστιν,
594 1080 622 1137 2}
643 1080 805 1124 τοιονδὶ
824 1079 1015 1124 ἕκαστον.
1062 1079 1302 1139 ἐπαχθῆναι
1320 1078 1365 1121 δὲ
1382 1074 1441 1137 μὴ
1464 1076 1634 1136 ἔχοντας
1653 1076 1721 1120 αἴ-

294 1150 458 1205 σθησιν
478 1143 706 1190 ἀδύνατον.
741 1148 825 1188 τῶν
843 1142 924 1203 γὰρ
944 1142 1046 1188 καθ’
1064 1143 1243 1188 ἕκαστον
1261 1141 1290 1203 ἡ
1312 1143 1540 1202 αἴσθησις·
1564 1138 1624 1186 οὐ
1641 1137 1721 1200 γὰρ

295 1210 501 1269 ἐνδέχεται
521 1213 665 1268 λαβεῖν
687 1207 832 1254 αὐτῶν
855 1208 935 1270 τῆν
955 1207 1202 1269 ἐπιστήμην.
1245 1205 1348 1253 οὔτε
1369 1205 1450 1267 γὰρ
1474 1207 1519 1252 ἐκ
1538 1209 1623 1251 τῶν
1642 1224 1722 1250 κα-

294 1275 446 1320 θόλου
488 1273 592 1321 ἄνευ
625 1275 868 1335 ἐπαγωγῆς,
912 1272 1012 1320 οὔτε
1056 1272 1110 1319 δι’
1153 1274 1374 1334 ἐπαγωγῆς
1407 1270 1513 1318 ἄνευ
1545 1275 1622 1333 τῆς
1655 1272 1722 1316 αἰ-

295 1340 509 1402 σθήσεως.

217 1412 278 1455 19
387 1405 514 1451 ’Ἐστι
548 1405 593 1450 δὲ
621 1408 707 1459 πᾶς
741 1401 1035 1464 συλλογισμὸς
1059 1401 1130 1448 διὰ
1163 1405 1296 1459 τριοῖν
1330 1399 1457 1459 ὅρων,
1488 1419 1561 1446 και
1596 1398 1621 1446 ὃ
1648 1401 1724 1459 μὲν

246 1485 277 1512 11
295 1471 515 1517 δεικνύναι
554 1469 794 1528 δυνάμενος
823 1466 889 1514 ὅτι
918 1467 1103 1528 ὑπάρχει
1129 1466 1180 1513 τὸ
1205 1472 1241 1512 Α
1264 1470 1324 1531 τῷ
1350 1472 1394 1513 Γ
1413 1465 1484 1512 διά
1505 1465 1556 1512 τό
1581 1465 1724 1525 ὑπάρ-

294 1555 381 1596 χειν
399 1541 462 1600 τῷ
484 1540 520 1582 Β
542 1537 615 1580 καὶ
634 1539 765 1580 τοῦτο
787 1538 847 1597 τῷ
869 1538 920 1590 Γ,
955 1533 984 1580 δ’
1003 1536 1048 1579 δὲ
1072 1533 1339 1594 στερητικός,
1373 1531 1455 1594 τῆν
1481 1533 1557 1591 μὲν
1580 1531 1724 1591 ἑτέραν

293 1602 509 1660 πρότασιν
539 1602 643 1660 ἔχων
675 1597 739 1646 ὅτι
774 1598 956 1659 ὑπάρχει
986 1617 1025 1644 τι
1058 1597 1164 1644 ἄλλο
1198 1597 1339 1662 ἄλλῳ,
1393 1596 1472 1660 τῆν
1506 1596 1543 1642 δ’
1580 1597 1724 1656 ἑτέραν

298 1664 365 1713 ὅτι
400 1666 485 1727 οὐχ
515 1665 712 1724 ὑπάρχει.
759 1663 951 1725 φανερὸν
976 1658 1059 1710 οὖν
1082 1662 1150 1710 ὅτι
1178 1665 1222 1709 αἱ
1247 1665 1324 1723 μὲν
1347 1662 1471 1723 ἅρχαὶ
1493 1665 1566 1708 καὶ
1590 1664 1633 1707 αὶ
1651 1666 1723 1708 λε-

247 1750 281 1777 15
296 1733 470 1793 γόμ-εναι
498 1730 738 1786 ὑποθέσεις
767 1724 898 1775 αὗταί
926 1732 1030 1776 εἰσι·
1085 1729 1274 1788 λαβόντα
1303 1727 1384 1788 γάρ
1418 1734 1554 1774 ταῦτα
1586 1725 1726 1784 οὕτως

231 1857 234 1861 .
298 1797 465 1859 ἀνάγκη
485 1796 732 1851 δεικνύναι,
779 1792 871 1840 οἷον
901 1793 967 1839 ὅτι.
995 1792 1043 1840 τὸ
1065 1799 1101 1839 Α
1121 1799 1180 1858 τῷ
1202 1798 1247 1838 Γ
1268 1792 1451 1853 ὑπάρχει
1482 1792 1553 1839 διὰ
1573 1797 1655 1839 τοῦ
1677 1797 1724 1848 Β,

297 1864 429 1910 πάλιν
464 1861 502 1909 δ’
545 1860 611 1907 ὅτι
638 1860 689 1906 τὸ
721 1865 757 1906 Α
789 1865 851 1923 τῷ
873 1864 909 1906 Β
947 1858 1169 1925 δι’κῖίλλου
1200 1860 1358 1918 μέσου,
1405 1860 1476 1904 καὶ
1512 1857 1579 1904 ὅτι
1609 1856 1658 1904 τὸ
1689 1863 1726 1903 Β

296 1933 357 1994 τῷ
381 1933 424 1974 Γ
444 1927 662 1983 ὡσαύτως.
723 1925 832 1971 κατὰ
861 1927 936 1985 μἐν
967 1926 1051 1971 οὐν
1082 1924 1211 1980 δόξαν
1244 1925 1620 1985 συλλογιζομένοις
1653 1925 1726 1969 καὶ

298 1994 432 2053 μόνον
457 1996 730 2048 διαλεκτικῶς
748 1996 886 2053 δῆλον
908 1989 973 2038 ὅτι
992 1995 1122 2037 τοῦτο
1143 1990 1282 2050 μόνον
1299 1991 1515 2045 σκεπτέοῦ,
1551 1991 1587 2035 εἰ
1605 1987 1649 2043 ἐξ
1666 1983 1726 2035 ὧν

247 2079 282 2106 20
300 2062 506 2120 ἐνδέχεται
529 2057 816 2113 ἐνδοξοτάτων
842 2059 999 2118 γίνεται
1030 2055 1055 2102 ὁ
1083 2056 1397 2117 συλλογισμός,
1453 2053 1554 2100 ὥστ’
1583 2057 1621 2100 εἰ
1653 2056 1726 2100 καὶ

297 2127 383 2172 ἔστι
419 2145 458 2172 τι
486 2129 539 2184 τῇ
574 2123 759 2187 άληθείᾳ
788 2128 876 2169 τῶν
912 2127 986 2168 ΑΒ
1021 2123 1178 2181 μέσον,
1231 2126 1354 2167 δοκεῖ
1385 2122 1429 2167 δὲ
1460 2123 1542 2183 μή,
1597 2118 1622 2165 ὁ
1655 2118 1726 2166 διὰ

297 2192 462 2238 τούτου
482 2190 844 2251 συλλογιζόμενος
863 2188 1189 2249 συλλελόγισται
1216 2190 1506 2242 διαλεκτικῶς·
1553 2183 1666 2244 πρὸς
1689 2184 1727 2231 δ’
1778 2214 1783 2218 -

299 2257 511 2320 ἀλήθειαν
541 2257 585 2302 ἐκ
627 2260 711 2302 τῶν
743 2254 1026 2316 ὑπαρχόντων
1064 2258 1131 2300 δεῖ
1155 2259 1341 2300 σκοπεῖν.
1393 2253 1475 2311 ἔχει
1506 2250 1544 2297 δ’
1573 2248 1725 2306 οὕτως.

1548 1402 1557 1420 a

389 2383 494 2435 3⁶‚.²⁶
520 2393 575 2411 nm
605 2381 697 2412 0.-
722 2381 765 2412 37
793 2376 854 2421 δι’]
879 2378 927 2422 μὴ
954 2375 1099 2421 daiam«,-
1123 2374 1170 2411 δι’
1192 2389 1281 2408 π.-
1307 2377 1348 2408 38
1374 2373 1550 2419 φανερὸν]
1567 2375 1678 2417 δῆλον
1690 2376 1725 2407 C.

298 2445 343 2451 -
365 2426 663 2512 4ἓ1ἱῗῒιινάῖριμα
689 2464 734 2499 ἅν
758 2478 812 2505 τις
836 2465 1012 2510 βούληται
1036 2463 1200 2510 γνώριμοι
1223 2465 1343 2497 ποιεῖν
1366 2475 1423 2506 np.
1458 2482 1494 2486 —
1529 2463 1550 2495 5
1577 2461 1666 2495 εἰσιν
1690 2463 1725 2494 C.

300 2509 337 2559 ᾗ]
364 2511 385 2556 ἢ
409 2515 484 2547 πΜ.
509 2531 555 2537 -
577 2510 720 2546 τοιόνδε
748 2511 795 2543 Μ.
819 2530 864 2536 -
889 2510 943 2554 δὲ]
969 2509 1038 2554 γὰρ
1061 2522 1095 2553 p.
1119 2527 1164 2561 T·
1195 2507 1322 2551 ἕχοντα
1349 2508 1396 2540 Μ.
1419 2526 1465 2531 -—
1497 2507 1516 2538 6
1543 2503 1728 2539 ἀδύνατον

301 2571 337 2590 rc
362 2570 416 2599 mg
439 2570 473 2598 τι,
498 2570 551 2590 om
577 2568 612 2600 p.
640 2575 678 2580 —
703 2552 772 2597 γὰρ
795 2556 868 2588 τῶν
893 2568 933 2597 pr
958 2556 999 2587 A.
1023 2573 1068 2578 —
1091 2566 1165 2587 των
1188 2565 1229 2596 pr
1253 2565 1307 2585 om
1337 2553 1376 2584 B.
1401 2570 1446 2577 —
1476 2552 1514 2584 ll
1541 2552 1727 2584 δείκνυται

301 2602 513 2644 λεγομένους
537 2598 595 2635 ὅτι
618 2613 652 2634 η.
677 2618 720 2625 -
743 2599 810 2644 τῷ]
837 2596 877 2632 τὸ
906 2601 952 2632 Μ.
977 2617 1018 2622 -
1044 2597 1107 2631 διὰ·
1206 2598 1256 2642 τῷ
1280 2610 1300 2640 γ
1324 2607 1377 2628 om
1403 2597 1452 2628 M.
1479 2615 1520 2620 —-
1556 2596 1595 2628 17
1620 2590 1665 2627 δι’
1689 2606 1727 2626 rc

303 2658 405 2688 supra
430 2659 466 2678 vs
491 2658 525 2678 π.
558 2664 602 2669 -
635 2646 678 2677 20
704 2644 738 2677 εἰ
759 2656 798 2687 pr
822 2655 875 2676 om
899 2655 932 2675 η.
967 2662 1011 2668 -—-
1043 2644 1082 2675 21
1111 2641 1198 2683 ἔστι]
1222 2639 1270 2685 μὴ
1296 2640 1370 2674 ἔστι
1394 2651 1475 2683 cup,
1499 2652 1539 2682 pr
1565 2639 1658 2671 ABn.
1683 2656 1726 2662 —-

301 2703 337 2724 τι
362 2702 417 2722 om
431 2691 479 2722 Μ.
495 2708 536 2715 -
560 2688 626 2723 τὸν
650 2701 691 2732 pr
703 2689 800 2721 8.·-
823 2686 897 2732 μή]”
916 2684 1010 2721 εἶναι
1034 2689 1125 2730 cusp,
1149 2686 1197 2729 μή
1226 2687 1303 2728 (rc)
1320 2682 1414 2719 εἶναι
1432 2685 1500 2726 ΑΟ,
1525 2681 1572 2727 μή
1594 2694 1671 2715 corr
1684 2683 1725 2714 Β.

303 2754 344 2760 —-
371 2732 390 2769 ὁ
417 2746 471 2766 om
497 2735 530 2767 d.
553 2753 598 2758 —-
621 2740 701 2776 post
724 2730 744 2767 ὁ
770 2739 805 2765 et
827 2734 871 2766 22
894 2739 975 2776 post
997 2729 1131 2766 τούτου
1156 2732 1214 2765 del
1239 2731 1321 2774 alqd
1347 2729 1385 2762 G.
