<?xml version="1.0" encoding="UTF-8"?>
<!DOCTYPE html PUBLIC "-//W3C//DTD XHTML 1.0 Transitional//EN"
    "http://www.w3.org/TR/xhtml1/DTD/xhtml1-transitional.dtd">
<html xmlns="http://www.w3.org/1999/xhtml" xml:lang="en" lang="en">
 <head>
  <title>
</title>
<meta http-equiv="Content-Type" content="text/html;charset=utf-8" />
  <meta name='ocr-system' content='tesseract 3.04.00' />
  <meta name='ocr-capabilities' content='ocr_page ocr_carea ocr_par ocr_line ocrx_word'/>
</head>
<body>
  <div class='ocr_page' id='page_1' title='image "aristotelisorgan02arisuoft_0410.png"; bbox 0 0 1878 3060; ppageno 0'>
   <div class='ocr_carea' id='block_1_1' title="bbox 342 188 1363 234">
    <p class='ocr_par' dir='ltr' id='par_1_1' title="bbox 342 188 1363 234">
     <span class='ocr_line' id='line_1_1' title="bbox 342 188 1363 234; baseline 0 -10"><span class='ocrx_word' id='word_1_1' title='bbox 342 188 423 228; x_wconf 76' lang='grc'><strong>394</strong></span> <span class='ocrx_word' id='word_1_2' title='bbox 813 190 1064 234; x_wconf 75' lang='lat' dir='ltr'><strong>Anaiyticn</strong></span> <span class='ocrx_word' id='word_1_3' title='bbox 1086 189 1363 234; x_wconf 74' lang='lat' dir='ltr'><strong>posteriora.</strong></span> 
     </span>
    </p>
   </div>
   <div class='ocr_carea' id='block_1_2' title="bbox 333 283 1858 2794">
    <p class='ocr_par' dir='ltr' id='par_1_2' title="bbox 364 283 1858 1280">
     <span class='ocr_line' id='line_1_2' title="bbox 400 283 1830 339; baseline 0.001 -15"><span class='ocrx_word' id='word_1_4' title='bbox 400 286 613 337; x_wconf 84' lang='lat' dir='ltr'><strong>quaeritur</strong></span> <span class='ocrx_word' id='word_1_5' title='bbox 639 283 686 329; x_wconf 83' lang='grc' dir='ltr'><strong>τὸ</strong></span> <span class='ocrx_word' id='word_1_6' title='bbox 713 284 754 325; x_wconf 82' lang='grc' dir='ltr'><strong>τί</strong></span> <span class='ocrx_word' id='word_1_7' title='bbox 781 283 878 334; x_wconf 78' lang='grc' dir='ltr'><em>ἔστι,</em></span> <span class='ocrx_word' id='word_1_8' title='bbox 907 286 992 326; x_wconf 85' lang='lat' dir='ltr'><strong>sive</strong></span> <span class='ocrx_word' id='word_1_9' title='bbox 1020 287 1127 338; x_wconf 87' lang='lat' dir='ltr'><strong>quod</strong></span> <span class='ocrx_word' id='word_1_10' title='bbox 1152 287 1263 325; x_wconf 90' lang='lat' dir='ltr'><strong>idem</strong></span> <span class='ocrx_word' id='word_1_11' title='bbox 1291 299 1382 325; x_wconf 84' lang='lat' dir='ltr'><strong>esse</strong></span> <span class='ocrx_word' id='word_1_12' title='bbox 1411 286 1547 326; x_wconf 87' lang='lat' dir='ltr'><strong>docuit</strong></span> <span class='ocrx_word' id='word_1_13' title='bbox 1568 286 1668 339; x_wconf 70' lang='lat'>(9012</span> <span class='ocrx_word' id='word_1_14' title='bbox 1683 289 1730 326; x_wconf 87' lang='lat'><strong>14</strong></span> <span class='ocrx_word' id='word_1_15' title='bbox 1751 287 1830 339; x_wconf 79' lang='lat' dir='ltr'><strong>sq.)</strong></span> 
     </span>
     <span class='ocr_line' id='line_1_3' title="bbox 368 345 1858 405; baseline 0.001 -17"><span class='ocrx_word' id='word_1_16' title='bbox 368 369 371 371; x_wconf 95' lang='lat'>·</span> <span class='ocrx_word' id='word_1_17' title='bbox 397 348 446 389; x_wconf 85' lang='grc' dir='ltr'><strong>τὸ</strong></span> <span class='ocrx_word' id='word_1_18' title='bbox 475 348 545 390; x_wconf 85' lang='grc' dir='ltr'><strong>διὰ</strong></span> <span class='ocrx_word' id='word_1_19' title='bbox 571 348 612 388; x_wconf 81' lang='grc' dir='ltr'><strong>τί</strong></span> <span class='ocrx_word' id='word_1_20' title='bbox 638 347 765 397; x_wconf 81' lang='grc' dir='ltr'><strong><em>ἐστιν,</em></strong></span> <span class='ocrx_word' id='word_1_21' title='bbox 795 349 837 387; x_wconf 91' lang='lat' dir='ltr'><strong>h.</strong></span> <span class='ocrx_word' id='word_1_22' title='bbox 866 362 902 388; x_wconf 90' lang='lat' dir='ltr'><strong>e.</strong></span> <span class='ocrx_word' id='word_1_23' title='bbox 928 348 977 389; x_wconf 82' lang='grc' dir='ltr'><strong>τὸ</strong></span> <span class='ocrx_word' id='word_1_24' title='bbox 1005 349 1141 389; x_wconf 75' lang='grc' dir='ltr'><strong><em>αἴτιον</em></strong></span> <span class='ocrx_word' id='word_1_25' title='bbox 1166 352 1246 390; x_wconf 87' lang='grc' dir='ltr'><strong>τοῦ</strong></span> <span class='ocrx_word' id='word_1_26' title='bbox 1274 345 1382 390; x_wconf 82' lang='grc' dir='ltr'><em>εἶναι</em></span> <span class='ocrx_word' id='word_1_27' title='bbox 1409 348 1551 397; x_wconf 79' lang='grc' dir='ltr'><em>ἅπλῶς</em></span> <span class='ocrx_word' id='word_1_28' title='bbox 1575 348 1654 402; x_wconf 81' lang='grc' dir='ltr'><strong>τὴν</strong></span> <span class='ocrx_word' id='word_1_29' title='bbox 1680 349 1831 391; x_wconf 83' lang='grc' dir='ltr'><strong><em>οὐσίαν</em></strong></span> <span class='ocrx_word' id='word_1_30' title='bbox 1854 403 1858 405; x_wconf 25' lang='lat'>¹</span> 
     </span>
     <span class='ocr_line' id='line_1_4' title="bbox 399 410 1831 464; baseline 0.001 -13"><span class='ocrx_word' id='word_1_31' title='bbox 399 410 466 464; x_wconf 89' lang='lat' dir='ltr'><strong>(ut</strong></span> <span class='ocrx_word' id='word_1_32' title='bbox 488 412 584 450; x_wconf 86' lang='lat' dir='ltr'>dixit</span> <span class='ocrx_word' id='word_1_33' title='bbox 609 412 787 462; x_wconf 82' lang='lat' dir='ltr'><strong>90a10).</strong></span> <span class='ocrx_word' id='word_1_34' title='bbox 821 412 988 451; x_wconf 61' lang='lat' dir='ltr'><strong>*Omnis</strong></span> <span class='ocrx_word' id='word_1_35' title='bbox 1025 417 1162 451; x_wconf 87' lang='lat' dir='ltr'><strong>autem</strong></span> <span class='ocrx_word' id='word_1_36' title='bbox 1189 412 1410 452; x_wconf 85' lang='lat' dir='ltr'><strong>difficultas</strong></span> <span class='ocrx_word' id='word_1_37' title='bbox 1446 414 1488 452; x_wconf 88' lang='lat' dir='ltr'><strong>in</strong></span> <span class='ocrx_word' id='word_1_38' title='bbox 1517 425 1566 451; x_wconf 88' lang='lat' dir='ltr'><strong>eo</strong></span> <span class='ocrx_word' id='word_1_39' title='bbox 1595 417 1681 461; x_wconf 80' lang='lat' dir='ltr'><strong>est,</strong></span> <span class='ocrx_word' id='word_1_40' title='bbox 1723 414 1831 464; x_wconf 89' lang='lat' dir='ltr'><strong>quod</strong></span> 
     </span>
     <span class='ocr_line' id='line_1_5' title="bbox 397 471 1831 527; baseline 0 -13"><span class='ocrx_word' id='word_1_41' title='bbox 397 474 640 514; x_wconf 86' lang='lat' dir='ltr'><strong>Aristoteles</strong></span> <span class='ocrx_word' id='word_1_42' title='bbox 669 487 749 514; x_wconf 92' lang='lat' dir='ltr'><strong>non</strong></span> <span class='ocrx_word' id='word_1_43' title='bbox 777 475 878 513; x_wconf 85' lang='lat' dir='ltr'><strong>dixit</strong></span> <span class='ocrx_word' id='word_1_44' title='bbox 902 474 950 514; x_wconf 89' lang='grc' dir='ltr'><strong>τὸ</strong></span> <span class='ocrx_word' id='word_1_45' title='bbox 979 474 1117 515; x_wconf 82' lang='grc' dir='ltr'><strong><em>αἴτιον</em></strong></span> <span class='ocrx_word' id='word_1_46' title='bbox 1143 478 1221 516; x_wconf 78' lang='grc' dir='ltr'><strong>τοῦ</strong></span> <span class='ocrx_word' id='word_1_47' title='bbox 1251 471 1316 516; x_wconf 82' lang='grc' dir='ltr'><strong>ὅτι</strong></span> <span class='ocrx_word' id='word_1_48' title='bbox 1344 474 1441 515; x_wconf 77' lang='grc' dir='ltr'><strong><em>ἔστι.</em></strong></span> <span class='ocrx_word' id='word_1_49' title='bbox 1486 477 1670 527; x_wconf 81' lang='lat' dir='ltr'><strong>Apparet</strong></span> <span class='ocrx_word' id='word_1_50' title='bbox 1695 480 1831 514; x_wconf 88' lang='lat' dir='ltr'><strong>autem</strong></span> 
     </span>
     <span class='ocr_line' id='line_1_6' title="bbox 399 533 1830 590; baseline 0.001 -16"><span class='ocrx_word' id='word_1_51' title='bbox 399 551 472 575; x_wconf 90' lang='lat' dir='ltr'><strong>cur</strong></span> <span class='ocrx_word' id='word_1_52' title='bbox 499 549 576 575; x_wconf 90' lang='lat' dir='ltr'><strong>non</strong></span> <span class='ocrx_word' id='word_1_53' title='bbox 605 538 663 575; x_wconf 85' lang='lat' dir='ltr'><strong>sic</strong></span> <span class='ocrx_word' id='word_1_54' title='bbox 692 538 859 576; x_wconf 84' lang='lat' dir='ltr'><strong>dixerit:</strong></span> <span class='ocrx_word' id='word_1_55' title='bbox 897 539 1123 590; x_wconf 84' lang='lat' dir='ltr'><strong>ambiguum</strong></span> <span class='ocrx_word' id='word_1_56' title='bbox 1161 543 1223 578; x_wconf 91' lang='lat' dir='ltr'><strong>est</strong></span> <span class='ocrx_word' id='word_1_57' title='bbox 1261 541 1368 578; x_wconf 88' lang='lat' dir='ltr'><strong>enim</strong></span> <span class='ocrx_word' id='word_1_58' title='bbox 1395 539 1442 579; x_wconf 87' lang='grc' dir='ltr'><strong>τὸ</strong></span> <span class='ocrx_word' id='word_1_59' title='bbox 1471 533 1535 578; x_wconf 80' lang='grc' dir='ltr'><strong>ὅτι</strong></span> <span class='ocrx_word' id='word_1_60' title='bbox 1562 537 1668 586; x_wconf 77' lang='grc' dir='ltr'><em>ἔστι,</em></span> <span class='ocrx_word' id='word_1_61' title='bbox 1708 551 1830 589; x_wconf 89' lang='lat' dir='ltr'><strong>quum</strong></span> 
     </span>
     <span class='ocr_line' id='line_1_7' title="bbox 398 599 1828 655; baseline 0 -17"><span class='ocrx_word' id='word_1_62' title='bbox 398 604 440 638; x_wconf 90' lang='lat' dir='ltr'><strong>et</strong></span> <span class='ocrx_word' id='word_1_63' title='bbox 467 599 643 638; x_wconf 88' lang='lat' dir='ltr'><strong>alterum</strong></span> <span class='ocrx_word' id='word_1_64' title='bbox 671 600 724 639; x_wconf 86' lang='lat' dir='ltr'><strong>de</strong></span> <span class='ocrx_word' id='word_1_65' title='bbox 753 600 878 638; x_wconf 89' lang='lat' dir='ltr'><strong>altero</strong></span> <span class='ocrx_word' id='word_1_66' title='bbox 906 602 1134 651; x_wconf 86' lang='lat' dir='ltr'><strong>praedicari</strong></span> <span class='ocrx_word' id='word_1_67' title='bbox 1161 600 1226 652; x_wconf 84' lang='grc' dir='ltr'><strong>(τὸ</strong></span> <span class='ocrx_word' id='word_1_68' title='bbox 1255 600 1320 642; x_wconf 82' lang='grc' dir='ltr'><strong>ἐπὶ</strong></span> <span class='ocrx_word' id='word_1_69' title='bbox 1347 599 1524 653; x_wconf 78' lang='grc' dir='ltr'><em>μέρους,</em></span> <span class='ocrx_word' id='word_1_70' title='bbox 1562 615 1598 642; x_wconf 91' lang='lat' dir='ltr'><strong>v.</strong></span> <span class='ocrx_word' id='word_1_71' title='bbox 1629 615 1731 655; x_wconf 81' lang='lat' dir='ltr'><strong>quae</strong></span> <span class='ocrx_word' id='word_1_72' title='bbox 1759 601 1828 645; x_wconf 61' lang='lat' dir='ltr'><strong>di,-</strong></span> 
     </span>
     <span class='ocr_line' id='line_1_8' title="bbox 394 661 1830 717; baseline 0.001 -17"><span class='ocrx_word' id='word_1_73' title='bbox 394 662 524 700; x_wconf 87' lang='lat' dir='ltr'><strong>ximus</strong></span> <span class='ocrx_word' id='word_1_74' title='bbox 552 663 604 700; x_wconf 91' lang='lat' dir='ltr'><strong>ad</strong></span> <span class='ocrx_word' id='word_1_75' title='bbox 633 661 801 715; x_wconf 73' lang='lat' dir='ltr'><strong>89b37)</strong></span> <span class='ocrx_word' id='word_1_76' title='bbox 832 667 874 701; x_wconf 91' lang='lat' dir='ltr'><strong>et</strong></span> <span class='ocrx_word' id='word_1_77' title='bbox 909 676 998 701; x_wconf 89' lang='lat' dir='ltr'><strong>rem</strong></span> <span class='ocrx_word' id='word_1_78' title='bbox 1034 664 1161 715; x_wconf 84' lang='lat' dir='ltr'><strong>ipsam</strong></span> <span class='ocrx_word' id='word_1_79' title='bbox 1189 667 1388 705; x_wconf 81' lang='lat' dir='ltr'><strong>exsistere</strong></span> <span class='ocrx_word' id='word_1_80' title='bbox 1416 666 1637 717; x_wconf 85' lang='lat' dir='ltr'><strong>significet:</strong></span> <span class='ocrx_word' id='word_1_81' title='bbox 1674 677 1768 702; x_wconf 89' lang='lat' dir='ltr'><strong>nam</strong></span> <span class='ocrx_word' id='word_1_82' title='bbox 1795 663 1830 701; x_wconf 88' lang='lat' dir='ltr'><strong>si</strong></span> 
     </span>
     <span class='ocr_line' id='line_1_9' title="bbox 394 723 1830 780; baseline 0.001 -18"><span class='ocrx_word' id='word_1_83' title='bbox 394 724 622 774; x_wconf 74' lang='lat' dir='ltr'><strong>affirmatur</strong></span> <span class='ocrx_word' id='word_1_84' title='bbox 650 727 832 776; x_wconf 81' lang='lat' dir='ltr'><strong>quaestio</strong></span> <span class='ocrx_word' id='word_1_85' title='bbox 861 729 939 765; x_wconf 86' lang='grc' dir='ltr'><strong>τοῦ</strong></span> <span class='ocrx_word' id='word_1_86' title='bbox 967 725 1002 766; x_wconf 79' lang='grc' dir='ltr'><strong>εἰ</strong></span> <span class='ocrx_word' id='word_1_87' title='bbox 1028 723 1138 775; x_wconf 76' lang='grc' dir='ltr'><strong><em>ἔστι,</em></strong></span> <span class='ocrx_word' id='word_1_88' title='bbox 1178 741 1259 767; x_wconf 90' lang='lat' dir='ltr'><strong>non</strong></span> <span class='ocrx_word' id='word_1_89' title='bbox 1294 728 1535 780; x_wconf 87' lang='lat' dir='ltr'><strong>responderi</strong></span> <span class='ocrx_word' id='word_1_90' title='bbox 1570 740 1651 779; x_wconf 83' lang='lat' dir='ltr'><strong>non</strong></span> <span class='ocrx_word' id='word_1_91' title='bbox 1678 726 1830 776; x_wconf 87' lang='lat' dir='ltr'><strong>poterit</strong></span> 
     </span>
     <span class='ocr_line' id='line_1_10' title="bbox 396 783 1829 842; baseline -0.001 -15"><span class='ocrx_word' id='word_1_92' title='bbox 396 783 461 827; x_wconf 82' lang='grc' dir='ltr'><strong>ὅτι</strong></span> <span class='ocrx_word' id='word_1_93' title='bbox 498 786 631 836; x_wconf 77' lang='grc' dir='ltr'><strong><em>ἔστιν,</em></strong></span> <span class='ocrx_word' id='word_1_94' title='bbox 670 801 750 839; x_wconf 87' lang='lat' dir='ltr'><strong>quo</strong></span> <span class='ocrx_word' id='word_1_95' title='bbox 790 789 955 839; x_wconf 87' lang='lat' dir='ltr'><strong>quidem</strong></span> <span class='ocrx_word' id='word_1_96' title='bbox 983 802 1105 829; x_wconf 88' lang='lat' dir='ltr'><strong>sensu</strong></span> <span class='ocrx_word' id='word_1_97' title='bbox 1142 791 1176 828; x_wconf 87' lang='lat' dir='ltr'><strong>si</strong></span> <span class='ocrx_word' id='word_1_98' title='bbox 1209 786 1434 842; x_wconf 81' lang='lat' dir='ltr'><strong>accipiatur</strong></span> <span class='ocrx_word' id='word_1_99' title='bbox 1460 790 1508 830; x_wconf 85' lang='grc' dir='ltr'><strong>τὸ</strong></span> <span class='ocrx_word' id='word_1_100' title='bbox 1537 785 1601 830; x_wconf 78' lang='grc' dir='ltr'><strong>ὅτι</strong></span> <span class='ocrx_word' id='word_1_101' title='bbox 1629 788 1765 837; x_wconf 78' lang='grc' dir='ltr'><strong><em>ἔστιν,</em></strong></span> <span class='ocrx_word' id='word_1_102' title='bbox 1805 801 1829 826; x_wconf 90' lang='lat' dir='ltr'><strong>a</strong></span> 
     </span>
     <span class='ocr_line' id='line_1_11' title="bbox 395 849 1827 904; baseline 0 -16"><span class='ocrx_word' id='word_1_103' title='bbox 395 852 632 902; x_wconf 87' lang='lat' dir='ltr'><strong>quaestione</strong></span> <span class='ocrx_word' id='word_1_104' title='bbox 658 854 736 892; x_wconf 82' lang='grc' dir='ltr'><strong>τοῦ</strong></span> <span class='ocrx_word' id='word_1_105' title='bbox 765 850 800 891; x_wconf 78' lang='grc' dir='ltr'><strong>εἰ</strong></span> <span class='ocrx_word' id='word_1_106' title='bbox 825 849 910 892; x_wconf 77' lang='grc' dir='ltr'><em>ἔστι</em></span> <span class='ocrx_word' id='word_1_107' title='bbox 935 865 1015 892; x_wconf 91' lang='lat' dir='ltr'><strong>non</strong></span> <span class='ocrx_word' id='word_1_108' title='bbox 1044 853 1120 891; x_wconf 88' lang='lat' dir='ltr'><strong>nisi</strong></span> <span class='ocrx_word' id='word_1_109' title='bbox 1148 866 1197 891; x_wconf 90' lang='lat' dir='ltr'><strong>eo</strong></span> <span class='ocrx_word' id='word_1_110' title='bbox 1226 854 1385 902; x_wconf 80' lang='lat' dir='ltr'><strong>differt,</strong></span> <span class='ocrx_word' id='word_1_111' title='bbox 1424 855 1532 904; x_wconf 89' lang='lat' dir='ltr'><strong>quod</strong></span> <span class='ocrx_word' id='word_1_112' title='bbox 1558 854 1732 892; x_wconf 86' lang='lat' dir='ltr'><strong>alterum</strong></span> <span class='ocrx_word' id='word_1_113' title='bbox 1758 851 1827 889; x_wconf 83' lang='lat' dir='ltr'><strong>af-</strong></span> 
     </span>
     <span class='ocr_line' id='line_1_12' title="bbox 392 914 1829 967; baseline -0.001 -15"><span class='ocrx_word' id='word_1_114' title='bbox 392 915 531 953; x_wconf 88' lang='lat' dir='ltr'><strong>firmat</strong></span> <span class='ocrx_word' id='word_1_115' title='bbox 558 915 664 965; x_wconf 88' lang='lat' dir='ltr'><strong>quod</strong></span> <span class='ocrx_word' id='word_1_116' title='bbox 692 928 767 965; x_wconf 92' lang='lat' dir='ltr'><strong>per</strong></span> <span class='ocrx_word' id='word_1_117' title='bbox 794 916 966 954; x_wconf 84' lang='lat' dir='ltr'><strong>alterum</strong></span> <span class='ocrx_word' id='word_1_118' title='bbox 1005 914 1059 967; x_wconf 82' lang='grc' dir='ltr'><strong>(εἰ</strong></span> <span class='ocrx_word' id='word_1_119' title='bbox 1086 914 1186 966; x_wconf 76' lang='grc' dir='ltr'>ἔστι)</span> <span class='ocrx_word' id='word_1_120' title='bbox 1218 917 1453 955; x_wconf 87' lang='lat' dir='ltr'><strong>dubitanter</strong></span> <span class='ocrx_word' id='word_1_121' title='bbox 1479 916 1760 966; x_wconf 87' lang='lat' dir='ltr'><strong>pronuntiatur</strong></span> <span class='ocrx_word' id='word_1_122' title='bbox 1786 917 1829 952; x_wconf 89' lang='lat' dir='ltr'><strong>et</strong></span> 
     </span>
     <span class='ocr_line' id='line_1_13' title="bbox 364 973 1829 1030; baseline -0.001 -14"><span class='ocrx_word' id='word_1_123' title='bbox 364 975 367 984; x_wconf 91' lang='lat'>&#39;</span> <span class='ocrx_word' id='word_1_124' title='bbox 392 977 433 1015; x_wconf 90' lang='lat' dir='ltr'><strong>in</strong></span> <span class='ocrx_word' id='word_1_125' title='bbox 458 979 615 1016; x_wconf 87' lang='lat' dir='ltr'><strong>incerto</strong></span> <span class='ocrx_word' id='word_1_126' title='bbox 636 978 891 1029; x_wconf 88' lang='lat' dir='ltr'><strong>relinquitur.</strong></span> <span class='ocrx_word' id='word_1_127' title='bbox 929 979 1019 1017; x_wconf 89' lang='lat' dir='ltr'><strong>Hoc</strong></span> <span class='ocrx_word' id='word_1_128' title='bbox 1039 979 1128 1017; x_wconf 92' lang='lat' dir='ltr'><strong>loco</strong></span> <span class='ocrx_word' id='word_1_129' title='bbox 1152 979 1275 1030; x_wconf 82' lang='lat' dir='ltr'><strong>igitur</strong></span> <span class='ocrx_word' id='word_1_130' title='bbox 1296 978 1534 1017; x_wconf 90' lang='lat' dir='ltr'><strong>Aristoteles</strong></span> <span class='ocrx_word' id='word_1_131' title='bbox 1558 978 1654 1016; x_wconf 81' lang='lat' dir='ltr'><strong>dixit</strong></span> <span class='ocrx_word' id='word_1_132' title='bbox 1670 975 1705 1016; x_wconf 82' lang='grc' dir='ltr'><strong>εἰ</strong></span> <span class='ocrx_word' id='word_1_133' title='bbox 1717 973 1829 1016; x_wconf 77' lang='grc' dir='ltr'><strong><em>ἔστιν</em></strong></span> 
     </span>
     <span class='ocr_line' id='line_1_14' title="bbox 392 1037 1828 1094; baseline -0.001 -14"><span class='ocrx_word' id='word_1_134' title='bbox 392 1055 467 1094; x_wconf 90' lang='lat' dir='ltr'><strong>pro</strong></span> <span class='ocrx_word' id='word_1_135' title='bbox 505 1041 777 1080; x_wconf 86' lang='lat' dir='ltr'><strong>affirmatione</strong></span> <span class='ocrx_word' id='word_1_136' title='bbox 815 1054 920 1093; x_wconf 89' lang='lat' dir='ltr'><strong>quae</strong></span> <span class='ocrx_word' id='word_1_137' title='bbox 959 1042 1233 1091; x_wconf 87' lang='lat' dir='ltr'><strong>respondetur</strong></span> <span class='ocrx_word' id='word_1_138' title='bbox 1270 1041 1320 1079; x_wconf 91' lang='lat' dir='ltr'><strong>ad</strong></span> <span class='ocrx_word' id='word_1_139' title='bbox 1360 1041 1636 1091; x_wconf 87' lang='lat' dir='ltr'><strong>quaestionem</strong></span> <span class='ocrx_word' id='word_1_140' title='bbox 1675 1043 1754 1080; x_wconf 83' lang='grc' dir='ltr'><strong>τοῦ</strong></span> <span class='ocrx_word' id='word_1_141' title='bbox 1792 1037 1828 1078; x_wconf 84' lang='grc' dir='ltr'><strong>εἰ</strong></span> 
     </span>
     <span class='ocr_line' id='line_1_15' title="bbox 392 1100 1826 1156; baseline -0.003 -11"><span class='ocrx_word' id='word_1_142' title='bbox 392 1103 517 1152; x_wconf 77' lang='grc' dir='ltr'><em>ἔστιν,</em></span> <span class='ocrx_word' id='word_1_143' title='bbox 548 1117 668 1155; x_wconf 88' lang='lat' dir='ltr'><strong>quam</strong></span> <span class='ocrx_word' id='word_1_144' title='bbox 697 1105 859 1155; x_wconf 91' lang='lat' dir='ltr'><strong>quidem</strong></span> <span class='ocrx_word' id='word_1_145' title='bbox 888 1103 1204 1143; x_wconf 85' lang='lat' dir='ltr'><strong>affirmationem</strong></span> <span class='ocrx_word' id='word_1_146' title='bbox 1231 1104 1364 1142; x_wconf 86' lang='lat' dir='ltr'><strong>verbis</strong></span> <span class='ocrx_word' id='word_1_147' title='bbox 1398 1102 1461 1143; x_wconf 85' lang='grc' dir='ltr'><strong>ὅτι</strong></span> <span class='ocrx_word' id='word_1_148' title='bbox 1488 1100 1573 1143; x_wconf 79' lang='grc' dir='ltr'><strong><em>ἔστι</em></strong></span> <span class='ocrx_word' id='word_1_149' title='bbox 1601 1105 1826 1156; x_wconf 85' lang='lat' dir='ltr'><strong>exprimere</strong></span> 
     </span>
     <span class='ocr_line' id='line_1_16' title="bbox 393 1162 1828 1219; baseline -0.003 -12"><span class='ocrx_word' id='word_1_150' title='bbox 393 1168 538 1215; x_wconf 70' lang='lat' dir='ltr'><strong>noluit,</strong></span> <span class='ocrx_word' id='word_1_151' title='bbox 565 1179 618 1205; x_wconf 89' lang='lat' dir='ltr'><strong>ne</strong></span> <span class='ocrx_word' id='word_1_152' title='bbox 647 1168 734 1217; x_wconf 91' lang='lat' dir='ltr'><strong>quis</strong></span> <span class='ocrx_word' id='word_1_153' title='bbox 763 1167 867 1206; x_wconf 84' lang='lat' dir='ltr'><strong>haec</strong></span> <span class='ocrx_word' id='word_1_154' title='bbox 894 1162 979 1214; x_wconf 83' lang='grc' dir='ltr'>(ὅτι</span> <span class='ocrx_word' id='word_1_155' title='bbox 1007 1163 1111 1219; x_wconf 80' lang='grc' dir='ltr'><strong>ἔστι)</strong></span> <span class='ocrx_word' id='word_1_156' title='bbox 1140 1179 1188 1205; x_wconf 88' lang='lat' dir='ltr'><strong>eo</strong></span> <span class='ocrx_word' id='word_1_157' title='bbox 1217 1179 1340 1206; x_wconf 88' lang='lat' dir='ltr'><strong>sensu</strong></span> <span class='ocrx_word' id='word_1_158' title='bbox 1358 1168 1426 1206; x_wconf 92' lang='lat' dir='ltr'><strong>hic</strong></span> <span class='ocrx_word' id='word_1_159' title='bbox 1448 1168 1557 1207; x_wconf 89' lang='lat' dir='ltr'><strong>dicta</strong></span> <span class='ocrx_word' id='word_1_160' title='bbox 1571 1171 1690 1217; x_wconf 88' lang='lat' dir='ltr'><strong>putet</strong></span> <span class='ocrx_word' id='word_1_161' title='bbox 1708 1178 1828 1217; x_wconf 86' lang='lat' dir='ltr'><strong>quem</strong></span> 
     </span>
     <span class='ocr_line' id='line_1_17' title="bbox 392 1231 907 1280; baseline -0.006 -10"><span class='ocrx_word' id='word_1_162' title='bbox 392 1231 604 1270; x_wconf 82' lang='lat' dir='ltr'><strong>habuimus</strong></span> <span class='ocrx_word' id='word_1_163' title='bbox 633 1243 720 1280; x_wconf 88' lang='lat' dir='ltr'><strong>cap.</strong></span> <span class='ocrx_word' id='word_1_164' title='bbox 753 1233 771 1268; x_wconf 87' lang='lat'><em>1</em></span> <span class='ocrx_word' id='word_1_165' title='bbox 804 1234 845 1268; x_wconf 91' lang='lat' dir='ltr'><strong>et</strong></span> <span class='ocrx_word' id='word_1_166' title='bbox 872 1234 907 1268; x_wconf 80' lang='lat'><strong>2.</strong></span> 
     </span>
    </p>

    <p class='ocr_par' dir='ltr' id='par_1_3' title="bbox 338 1292 1828 2276">
     <span class='ocr_line' id='line_1_18' title="bbox 338 1292 1828 1343; baseline -0.003 -10"><span class='ocrx_word' id='word_1_167' title='bbox 338 1297 466 1333; x_wconf 66' lang='lat'><strong>9325</strong></span> <span class='ocrx_word' id='word_1_168' title='bbox 495 1295 627 1342; x_wconf 80' lang='lat' dir='ltr'><strong>Quum</strong></span> <span class='ocrx_word' id='word_1_169' title='bbox 655 1293 803 1330; x_wconf 87' lang='lat' dir='ltr'><strong>scimus</strong></span> <span class='ocrx_word' id='word_1_170' title='bbox 833 1293 928 1343; x_wconf 90' lang='lat' dir='ltr'><strong>quid</strong></span> <span class='ocrx_word' id='word_1_171' title='bbox 956 1292 1087 1343; x_wconf 88' lang='lat' dir='ltr'><strong>aliqua</strong></span> <span class='ocrx_word' id='word_1_172' title='bbox 1114 1305 1183 1330; x_wconf 86' lang='lat' dir='ltr'><strong>res</strong></span> <span class='ocrx_word' id='word_1_173' title='bbox 1211 1292 1286 1340; x_wconf 78' lang='lat' dir='ltr'><strong>sit,</strong></span> <span class='ocrx_word' id='word_1_174' title='bbox 1328 1305 1488 1331; x_wconf 88' lang='lat' dir='ltr'><strong>causam</strong></span> <span class='ocrx_word' id='word_1_175' title='bbox 1514 1305 1589 1342; x_wconf 87' lang='lat' dir='ltr'><strong>per</strong></span> <span class='ocrx_word' id='word_1_176' title='bbox 1617 1305 1736 1342; x_wconf 89' lang='lat' dir='ltr'><strong>quam</strong></span> <span class='ocrx_word' id='word_1_177' title='bbox 1764 1294 1828 1329; x_wconf 87' lang='lat' dir='ltr'><strong>est</strong></span> 
     </span>
     <span class='ocr_line' id='line_1_19' title="bbox 393 1349 1826 1407; baseline -0.003 -12"><span class='ocrx_word' id='word_1_178' title='bbox 393 1357 695 1407; x_wconf 83' lang='lat' dir='ltr'><strong>cognoscimus,</strong></span> <span class='ocrx_word' id='word_1_179' title='bbox 734 1349 842 1406; x_wconf 85' lang='lat' dir='ltr'><strong>quod</strong></span> <span class='ocrx_word' id='word_1_180' title='bbox 869 1356 962 1393; x_wconf 87' lang='lat' dir='ltr'><strong>fieri</strong></span> <span class='ocrx_word' id='word_1_181' title='bbox 989 1368 1070 1393; x_wconf 89' lang='lat' dir='ltr'><strong>non</strong></span> <span class='ocrx_word' id='word_1_182' title='bbox 1096 1358 1249 1405; x_wconf 73' lang='lat' dir='ltr'><strong>posset,</strong></span> <span class='ocrx_word' id='word_1_183' title='bbox 1277 1355 1354 1393; x_wconf 92' lang='lat' dir='ltr'><strong>nisi</strong></span> <span class='ocrx_word' id='word_1_184' title='bbox 1381 1368 1527 1393; x_wconf 88' lang='lat' dir='ltr'><strong>revera</strong></span> <span class='ocrx_word' id='word_1_185' title='bbox 1556 1358 1666 1394; x_wconf 87' lang='lat' dir='ltr'><strong>essct</strong></span> <span class='ocrx_word' id='word_1_186' title='bbox 1691 1354 1826 1404; x_wconf 87' lang='lat' dir='ltr'><strong>aliqua</strong></span> 
     </span>
     <span class='ocr_line' id='line_1_20' title="bbox 388 1416 1824 1468; baseline -0.002 -11"><span class='ocrx_word' id='word_1_187' title='bbox 388 1419 496 1457; x_wconf 85' lang='lat' dir='ltr'><strong>illius</strong></span> <span class='ocrx_word' id='word_1_188' title='bbox 525 1419 587 1458; x_wconf 87' lang='lat' dir='ltr'><strong>rei</strong></span> <span class='ocrx_word' id='word_1_189' title='bbox 615 1432 734 1457; x_wconf 86' lang='lat' dir='ltr'><strong>causa</strong></span> <span class='ocrx_word' id='word_1_190' title='bbox 763 1418 1000 1466; x_wconf 85' lang='lat' dir='ltr'><strong>(notandum</strong></span> <span class='ocrx_word' id='word_1_191' title='bbox 1029 1421 1090 1456; x_wconf 87' lang='lat' dir='ltr'><strong>est</strong></span> <span class='ocrx_word' id='word_1_192' title='bbox 1117 1418 1223 1467; x_wconf 85' lang='lat' dir='ltr'><strong>quod</strong></span> <span class='ocrx_word' id='word_1_193' title='bbox 1250 1416 1376 1468; x_wconf 80' lang='grc' dir='ltr'><em>λόγος</em></span> <span class='ocrx_word' id='word_1_194' title='bbox 1402 1418 1469 1455; x_wconf 87' lang='lat' dir='ltr'><strong>hic</strong></span> <span class='ocrx_word' id='word_1_195' title='bbox 1494 1429 1575 1455; x_wconf 89' lang='lat' dir='ltr'><strong>non</strong></span> <span class='ocrx_word' id='word_1_196' title='bbox 1595 1421 1679 1455; x_wconf 88' lang='lat' dir='ltr'><strong>tam</strong></span> <span class='ocrx_word' id='word_1_197' title='bbox 1700 1417 1824 1466; x_wconf 81' lang='lat' dir='ltr'><strong>signi-</strong></span> 
     </span>
     <span class='ocr_line' id='line_1_21' title="bbox 391 1470 1826 1531; baseline -0.002 -11"><span class='ocrx_word' id='word_1_198' title='bbox 391 1482 488 1520; x_wconf 89' lang='lat' dir='ltr'><strong>ficat</strong></span> <span class='ocrx_word' id='word_1_199' title='bbox 529 1475 729 1520; x_wconf 84' lang='lat' dir='ltr'><strong>rationem</strong></span> <span class='ocrx_word' id='word_1_200' title='bbox 765 1484 937 1531; x_wconf 85' lang='lat' dir='ltr'><strong>propter</strong></span> <span class='ocrx_word' id='word_1_201' title='bbox 964 1470 1089 1530; x_wconf 84' lang='lat' dir='ltr'><strong>quam</strong></span> <span class='ocrx_word' id='word_1_202' title='bbox 1128 1479 1278 1531; x_wconf 89' lang='lat' dir='ltr'><strong>aliquid</strong></span> <span class='ocrx_word' id='word_1_203' title='bbox 1306 1481 1379 1518; x_wconf 88' lang='lat' dir='ltr'><strong>fiat</strong></span> <span class='ocrx_word' id='word_1_204' title='bbox 1406 1493 1526 1530; x_wconf 88' lang='lat' dir='ltr'><strong>quam</strong></span> <span class='ocrx_word' id='word_1_205' title='bbox 1553 1480 1826 1518; x_wconf 88' lang='lat' dir='ltr'><strong>conditionem</strong></span> 
     </span>
     <span class='ocr_line' id='line_1_22' title="bbox 389 1537 1825 1595; baseline -0.003 -11"><span class='ocrx_word' id='word_1_206' title='bbox 389 1547 480 1585; x_wconf 83' lang='lat' dir='ltr'><strong>sine</strong></span> <span class='ocrx_word' id='word_1_207' title='bbox 508 1558 586 1595; x_wconf 89' lang='lat' dir='ltr'><strong>qua</strong></span> <span class='ocrx_word' id='word_1_208' title='bbox 614 1544 706 1582; x_wconf 91' lang='lat' dir='ltr'><strong>fieri</strong></span> <span class='ocrx_word' id='word_1_209' title='bbox 746 1543 906 1581; x_wconf 91' lang='lat' dir='ltr'><strong>omnino</strong></span> <span class='ocrx_word' id='word_1_210' title='bbox 942 1555 1022 1581; x_wconf 91' lang='lat' dir='ltr'><strong>non</strong></span> <span class='ocrx_word' id='word_1_211' title='bbox 1048 1542 1208 1594; x_wconf 85' lang='lat' dir='ltr'><strong>possit).</strong></span> <span class='ocrx_word' id='word_1_212' title='bbox 1263 1543 1376 1592; x_wconf 81' lang='lat' dir='ltr'><strong>Quae</strong></span> <span class='ocrx_word' id='word_1_213' title='bbox 1413 1537 1572 1592; x_wconf 87' lang='lat' dir='ltr'><strong>quidem</strong></span> <span class='ocrx_word' id='word_1_214' title='bbox 1610 1555 1754 1587; x_wconf 88' lang='lat' dir='ltr'><strong>causa,</strong></span> <span class='ocrx_word' id='word_1_215' title='bbox 1791 1541 1825 1579; x_wconf 86' lang='lat' dir='ltr'><strong>si</strong></span> 
     </span>
     <span class='ocr_line' id='line_1_23' title="bbox 388 1600 1824 1657; baseline -0.004 -10"><span class='ocrx_word' id='word_1_216' title='bbox 388 1621 470 1647; x_wconf 90' lang='lat' dir='ltr'><strong>non</strong></span> <span class='ocrx_word' id='word_1_217' title='bbox 497 1609 539 1646; x_wconf 90' lang='lat' dir='ltr'><strong>in</strong></span> <span class='ocrx_word' id='word_1_218' title='bbox 567 1620 612 1646; x_wconf 92' lang='lat' dir='ltr'><strong>re</strong></span> <span class='ocrx_word' id='word_1_219' title='bbox 639 1607 725 1657; x_wconf 87' lang='lat' dir='ltr'><strong>ipsa</strong></span> <span class='ocrx_word' id='word_1_220' title='bbox 753 1606 883 1656; x_wconf 89' lang='lat' dir='ltr'><strong>posita</strong></span> <span class='ocrx_word' id='word_1_221' title='bbox 910 1611 986 1652; x_wconf 75' lang='lat' dir='ltr'><strong>est,</strong></span> <span class='ocrx_word' id='word_1_222' title='bbox 1014 1606 1085 1643; x_wconf 90' lang='lat' dir='ltr'><strong>sed</strong></span> <span class='ocrx_word' id='word_1_223' title='bbox 1112 1605 1276 1643; x_wconf 88' lang='lat' dir='ltr'><strong>aliunde</strong></span> <span class='ocrx_word' id='word_1_224' title='bbox 1302 1606 1477 1655; x_wconf 74' lang='lat' dir='ltr'><strong>petitur,</strong></span> <span class='ocrx_word' id='word_1_225' title='bbox 1505 1600 1824 1643; x_wconf 83' lang='lat' dir='ltr'><strong>demonstratio-</strong></span> 
     </span>
     <span class='ocr_line' id='line_1_24' title="bbox 389 1667 1823 1719; baseline -0.005 -9"><span class='ocrx_word' id='word_1_226' title='bbox 389 1684 484 1711; x_wconf 88' lang='lat' dir='ltr'><strong>nem</strong></span> <span class='ocrx_word' id='word_1_227' title='bbox 508 1670 756 1708; x_wconf 88' lang='lat' dir='ltr'><strong>definitionis</strong></span> <span class='ocrx_word' id='word_1_228' title='bbox 783 1668 824 1706; x_wconf 90' lang='lat' dir='ltr'><strong>in</strong></span> <span class='ocrx_word' id='word_1_229' title='bbox 852 1668 980 1718; x_wconf 89' lang='lat' dir='ltr'><strong>prima</strong></span> <span class='ocrx_word' id='word_1_230' title='bbox 1007 1669 1139 1719; x_wconf 81' lang='lat' dir='ltr'><strong>figura</strong></span> <span class='ocrx_word' id='word_1_231' title='bbox 1166 1669 1223 1706; x_wconf 86' lang='lat' dir='ltr'><strong>ita</strong></span> <span class='ocrx_word' id='word_1_232' title='bbox 1251 1667 1428 1716; x_wconf 78' lang='lat' dir='ltr'><strong>efficiet,</strong></span> <span class='ocrx_word' id='word_1_233' title='bbox 1462 1671 1509 1705; x_wconf 88' lang='lat' dir='ltr'><strong>ut</strong></span> <span class='ocrx_word' id='word_1_234' title='bbox 1536 1667 1720 1705; x_wconf 90' lang='lat' dir='ltr'><strong>definitio</strong></span> <span class='ocrx_word' id='word_1_235' title='bbox 1748 1678 1823 1704; x_wconf 93' lang='lat' dir='ltr'><strong>co-</strong></span> 
     </span>
     <span class='ocr_line' id='line_1_25' title="bbox 390 1728 1825 1786; baseline -0.005 -14"><span class='ocrx_word' id='word_1_236' title='bbox 390 1739 511 1786; x_wconf 78' lang='lat' dir='ltr'><strong>gatur</strong></span> <span class='ocrx_word' id='word_1_237' title='bbox 539 1734 616 1771; x_wconf 89' lang='lat' dir='ltr'><strong>alia</strong></span> <span class='ocrx_word' id='word_1_238' title='bbox 647 1732 889 1770; x_wconf 68' lang='lat' dir='ltr'><strong>definitione.</strong></span> <span class='ocrx_word' id='word_1_239' title='bbox 909 1731 1171 1780; x_wconf 77' lang='lat' dir='ltr'><strong>interposita,</strong></span> <span class='ocrx_word' id='word_1_240' title='bbox 1213 1743 1318 1780; x_wconf 90' lang='lat' dir='ltr'><strong>quae</strong></span> <span class='ocrx_word' id='word_1_241' title='bbox 1354 1730 1517 1768; x_wconf 89' lang='lat' dir='ltr'><strong>termini</strong></span> <span class='ocrx_word' id='word_1_242' title='bbox 1544 1729 1664 1767; x_wconf 88' lang='lat' dir='ltr'><strong>medii</strong></span> <span class='ocrx_word' id='word_1_243' title='bbox 1690 1728 1825 1766; x_wconf 88' lang='lat' dir='ltr'><strong>locum</strong></span> 
     </span>
     <span class='ocr_line' id='line_1_26' title="bbox 391 1791 1823 1846; baseline -0.005 -11"><span class='ocrx_word' id='word_1_244' title='bbox 391 1801 565 1846; x_wconf 86' lang='lat' dir='ltr'><strong>occupet</strong></span> <span class='ocrx_word' id='word_1_245' title='bbox 594 1799 636 1832; x_wconf 91' lang='lat' dir='ltr'><strong>et</strong></span> <span class='ocrx_word' id='word_1_246' title='bbox 664 1807 827 1832; x_wconf 86' lang='lat' dir='ltr'><strong>causam</strong></span> <span class='ocrx_word' id='word_1_247' title='bbox 856 1793 1064 1843; x_wconf 81' lang='lat' dir='ltr'><strong>exprimat,</strong></span> <span class='ocrx_word' id='word_1_248' title='bbox 1093 1795 1142 1831; x_wconf 91' lang='lat' dir='ltr'><strong>ob</strong></span> <span class='ocrx_word' id='word_1_249' title='bbox 1173 1806 1292 1843; x_wconf 88' lang='lat' dir='ltr'><strong>quam</strong></span> <span class='ocrx_word' id='word_1_250' title='bbox 1320 1793 1498 1830; x_wconf 89' lang='lat' dir='ltr'><strong>definitio</strong></span> <span class='ocrx_word' id='word_1_251' title='bbox 1528 1805 1630 1842; x_wconf 87' lang='lat' dir='ltr'><strong>quae</strong></span> <span class='ocrx_word' id='word_1_252' title='bbox 1657 1791 1823 1828; x_wconf 92' lang='lat' dir='ltr'><strong>demon-</strong></span> 
     </span>
     <span class='ocr_line' id='line_1_27' title="bbox 389 1855 1822 1906; baseline -0.005 -8"><span class='ocrx_word' id='word_1_253' title='bbox 389 1864 543 1898; x_wconf 84' lang='lat' dir='ltr'><strong>stretur</strong></span> <span class='ocrx_word' id='word_1_254' title='bbox 570 1870 664 1895; x_wconf 86' lang='lat' dir='ltr'><strong>vera</strong></span> <span class='ocrx_word' id='word_1_255' title='bbox 695 1857 759 1893; x_wconf 89' lang='lat' dir='ltr'><strong>sit.</strong></span> <span class='ocrx_word' id='word_1_256' title='bbox 809 1855 1310 1906; x_wconf 52' lang='lat' dir='ltr'><strong>Quare-quumadefinitio</strong></span> <span class='ocrx_word' id='word_1_257' title='bbox 1329 1855 1822 1902; x_wconf 59' lang='lat' dir='ltr'><strong>demonstrari-”nonpos-</strong></span> 
     </span>
     <span class='ocr_line' id='line_1_28' title="bbox 388 1915 1818 1970; baseline -0.006 -10"><span class='ocrx_word' id='word_1_258' title='bbox 388 1923 465 1970; x_wconf 85' lang='lat' dir='ltr'><strong>sit,</strong></span> <span class='ocrx_word' id='word_1_259' title='bbox 507 1921 586 1960; x_wconf 86' lang='lat' dir='ltr'><strong>nisi</strong></span> <span class='ocrx_word' id='word_1_260' title='bbox 620 1919 698 1961; x_wconf 77' lang='lat' dir='ltr'><strong>alia</strong></span> <span class='ocrx_word' id='word_1_261' title='bbox 725 1917 961 1961; x_wconf 84' lang='lat' dir='ltr'><strong>definitione</strong></span> <span class='ocrx_word' id='word_1_262' title='bbox 986 1916 1507 1966; x_wconf 53' lang='lat' dir='ltr'><strong>assnlmta7.q110damm0do</strong></span> <span class='ocrx_word' id='word_1_263' title='bbox 1521 1915 1716 1957; x_wconf 33' lang='lat' dir='ltr'><strong>*definitio</strong></span> <span class='ocrx_word' id='word_1_264' title='bbox 1745 1915 1818 1952; x_wconf 88' lang='lat' dir='ltr'><strong>de-</strong></span> 
     </span>
     <span class='ocr_line' id='line_1_29' title="bbox 386 1978 1821 2032; baseline -0.006 -9"><span class='ocrx_word' id='word_1_265' title='bbox 386 1984 604 2024; x_wconf 86' lang='lat' dir='ltr'><strong>monstrari</strong></span> <span class='ocrx_word' id='word_1_266' title='bbox 631 1985 786 2032; x_wconf 82' lang='lat' dir='ltr'><strong>potest,</strong></span> <span class='ocrx_word' id='word_1_267' title='bbox 826 1980 1240 2031; x_wconf 49' lang='lat' dir='ltr'><strong>quodammodo**non</strong></span> <span class='ocrx_word' id='word_1_268' title='bbox 1268 1981 1424 2029; x_wconf 68' lang='lat' dir='ltr'><strong>po&#39;t&#39;estx</strong></span> <span class='ocrx_word' id='word_1_269' title='bbox 1455 1978 1719 2016; x_wconf 59' lang='lat' dir='ltr'><strong>“nam&#39;altera</strong></span> <span class='ocrx_word' id='word_1_270' title='bbox 1747 1989 1821 2015; x_wconf 90' lang='lat' dir='ltr'><strong>su-</strong></span> 
     </span>
     <span class='ocr_line' id='line_1_30' title="bbox 387 2038 1823 2098; baseline -0.006 -12"><span class='ocrx_word' id='word_1_271' title='bbox 387 2048 527 2095; x_wconf 71' lang='lat' dir='ltr'><strong>mitur,</strong></span> <span class='ocrx_word' id='word_1_272' title='bbox 557 2038 961 2098; x_wconf 59' lang='lat' dir='ltr'><strong>cogitur„altera&#39;.&#39;—</strong></span> <span class='ocrx_word' id='word_1_273' title='bbox 987 2043 1058 2082; x_wconf 85' lang='lat' dir='ltr'><strong>Vs.</strong></span> <span class='ocrx_word' id='word_1_274' title='bbox 1075 2046 1100 2080; x_wconf 84' lang='grc'><strong>6</strong></span> <span class='ocrx_word' id='word_1_275' title='bbox 1128 2041 1312 2080; x_wconf 84' lang='lat' dir='ltr'><strong>dedimus</strong></span> <span class='ocrx_word' id='word_1_276' title='bbox 1341 2039 1390 2088; x_wconf 72' lang='grc' dir='ltr'><strong>εἰ,</strong></span> <span class='ocrx_word' id='word_1_277' title='bbox 1415 2041 1523 2091; x_wconf 88' lang='lat' dir='ltr'><strong>quod</strong></span> <span class='ocrx_word' id='word_1_278' title='bbox 1553 2041 1650 2078; x_wconf 86' lang='lat' dir='ltr'><strong>satis</strong></span> <span class='ocrx_word' id='word_1_279' title='bbox 1679 2039 1823 2078; x_wconf 89' lang='lat' dir='ltr'><strong>defen-</strong></span> 
     </span>
     <span class='ocr_line' id='line_1_31' title="bbox 385 2098 1824 2160; baseline -0.007 -10"><span class='ocrx_word' id='word_1_280' title='bbox 385 2124 474 2150; x_wconf 84' lang='lat' dir='ltr'><strong>sum</strong></span> <span class='ocrx_word' id='word_1_281' title='bbox 512 2110 697 2160; x_wconf 86' lang='lat' dir='ltr'><strong>putamus</strong></span> <span class='ocrx_word' id='word_1_282' title='bbox 734 2107 782 2144; x_wconf 88' lang='lat' dir='ltr'><strong>iis</strong></span> <span class='ocrx_word' id='word_1_283' title='bbox 812 2119 914 2156; x_wconf 88' lang='lat' dir='ltr'><strong>quae</strong></span> <span class='ocrx_word' id='word_1_284' title='bbox 954 2105 1123 2143; x_wconf 85' lang='lat' dir='ltr'><strong>diximus</strong></span> <span class='ocrx_word' id='word_1_285' title='bbox 1151 2105 1201 2142; x_wconf 87' lang='lat' dir='ltr'><strong>ad</strong></span> <span class='ocrx_word' id='word_1_286' title='bbox 1229 2106 1389 2142; x_wconf 78' lang='lat' dir='ltr'><strong>65a19.</strong></span> <span class='ocrx_word' id='word_1_287' title='bbox 1437 2103 1674 2141; x_wconf 89' lang='lat' dir='ltr'><strong>Lectionem</strong></span> <span class='ocrx_word' id='word_1_288' title='bbox 1701 2098 1751 2154; x_wconf 75' lang='grc' dir='ltr'><strong>ᾗ,</strong></span> <span class='ocrx_word' id='word_1_289' title='bbox 1790 2103 1824 2141; x_wconf 89' lang='lat' dir='ltr'><strong>si</strong></span> 
     </span>
     <span class='ocr_line' id='line_1_32' title="bbox 388 2164 1822 2225; baseline -0.005 -14"><span class='ocrx_word' id='word_1_290' title='bbox 388 2175 520 2225; x_wconf 88' lang='lat' dir='ltr'><strong>prima</strong></span> <span class='ocrx_word' id='word_1_291' title='bbox 548 2171 698 2210; x_wconf 85' lang='lat' dir='ltr'><strong>fuisset</strong></span> <span class='ocrx_word' id='word_1_292' title='bbox 726 2174 767 2208; x_wconf 91' lang='lat' dir='ltr'><strong>et</strong></span> <span class='ocrx_word' id='word_1_293' title='bbox 794 2182 905 2217; x_wconf 75' lang='lat' dir='ltr'><strong>vera,</strong></span> <span class='ocrx_word' id='word_1_294' title='bbox 933 2169 975 2207; x_wconf 91' lang='lat' dir='ltr'><strong>in</strong></span> <span class='ocrx_word' id='word_1_295' title='bbox 1003 2166 1039 2207; x_wconf 82' lang='grc' dir='ltr'><strong>εἰ</strong></span> <span class='ocrx_word' id='word_1_296' title='bbox 1067 2171 1259 2206; x_wconf 87' lang='lat' dir='ltr'><strong>mutatam</strong></span> <span class='ocrx_word' id='word_1_297' title='bbox 1288 2180 1379 2205; x_wconf 88' lang='lat' dir='ltr'><strong>esse</strong></span> <span class='ocrx_word' id='word_1_298' title='bbox 1408 2170 1521 2204; x_wconf 88' lang='lat' dir='ltr'><strong>certe</strong></span> <span class='ocrx_word' id='word_1_299' title='bbox 1547 2164 1626 2205; x_wconf 89' lang='lat' dir='ltr'><strong>non</strong></span> <span class='ocrx_word' id='word_1_300' title='bbox 1657 2170 1719 2205; x_wconf 89' lang='lat' dir='ltr'><strong>est</strong></span> <span class='ocrx_word' id='word_1_301' title='bbox 1745 2178 1822 2204; x_wconf 85' lang='lat' dir='ltr'><strong>ve-</strong></span> 
     </span>
     <span class='ocr_line' id='line_1_33' title="bbox 388 2236 567 2276; baseline -0.017 0"><span class='ocrx_word' id='word_1_302' title='bbox 388 2236 567 2276; x_wconf 87' lang='lat' dir='ltr'><strong>risimile.</strong></span> 
     </span>
    </p>

    <p class='ocr_par' dir='ltr' id='par_1_4' title="bbox 333 2291 1834 2724">
     <span class='ocr_line' id='line_1_34' title="bbox 333 2291 1822 2346; baseline -0.005 -10"><span class='ocrx_word' id='word_1_303' title='bbox 333 2302 482 2342; x_wconf 78' lang='lat' dir='ltr'><strong>9:3al4</strong></span> <span class='ocrx_word' id='word_1_304' title='bbox 510 2298 590 2339; x_wconf 85' lang='grc' dir='ltr'><strong>οὐκ</strong></span> <span class='ocrx_word' id='word_1_305' title='bbox 617 2296 670 2336; x_wconf 74' lang='grc' dir='ltr'><strong>ἂν</strong></span> <span class='ocrx_word' id='word_1_306' title='bbox 698 2295 760 2345; x_wconf 78' lang='grc' dir='ltr'><strong>εἴη</strong></span> <span class='ocrx_word' id='word_1_307' title='bbox 790 2292 1018 2343; x_wconf 77' lang='grc' dir='ltr'><em>ἀπόδειξις,</em></span> <span class='ocrx_word' id='word_1_308' title='bbox 1061 2307 1183 2346; x_wconf 77' lang='lat' dir='ltr'><strong>quum</strong></span> <span class='ocrx_word' id='word_1_309' title='bbox 1208 2307 1291 2332; x_wconf 91' lang='lat' dir='ltr'><strong>non</strong></span> <span class='ocrx_word' id='word_1_310' title='bbox 1317 2293 1391 2331; x_wconf 88' lang='lat' dir='ltr'><strong>fiat</strong></span> <span class='ocrx_word' id='word_1_311' title='bbox 1418 2292 1505 2331; x_wconf 87' lang='lat' dir='ltr'><strong>sine</strong></span> <span class='ocrx_word' id='word_1_312' title='bbox 1532 2291 1717 2343; x_wconf 88' lang='lat' dir='ltr'><strong>principii</strong></span> <span class='ocrx_word' id='word_1_313' title='bbox 1744 2304 1822 2341; x_wconf 91' lang='lat' dir='ltr'><strong>pe-</strong></span> 
     </span>
     <span class='ocr_line' id='line_1_35' title="bbox 386 2354 1821 2410; baseline -0.007 -8"><span class='ocrx_word' id='word_1_314' title='bbox 386 2364 551 2410; x_wconf 87' lang='lat' dir='ltr'><strong>titione;</strong></span> <span class='ocrx_word' id='word_1_315' title='bbox 581 2375 615 2399; x_wconf 89' lang='lat' dir='ltr'><strong>v.</strong></span> <span class='ocrx_word' id='word_1_316' title='bbox 644 2364 689 2398; x_wconf 84' lang='lat'><strong>91</strong></span> <span class='ocrx_word' id='word_1_317' title='bbox 707 2361 789 2397; x_wconf 84' lang='lat' dir='ltr'><strong>a3l</strong></span> <span class='ocrx_word' id='word_1_318' title='bbox 820 2363 863 2396; x_wconf 93' lang='lat' dir='ltr'><strong>et</strong></span> <span class='ocrx_word' id='word_1_319' title='bbox 879 2361 942 2396; x_wconf 77' lang='lat'><strong>36.</strong></span> <span class='ocrx_word' id='word_1_320' title='bbox 967 2377 1020 2387; x_wconf 72' lang='lat'><strong>—-</strong></span> <span class='ocrx_word' id='word_1_321' title='bbox 1051 2357 1121 2396; x_wconf 89' lang='lat' dir='ltr'><strong>Vs.</strong></span> <span class='ocrx_word' id='word_1_322' title='bbox 1147 2359 1196 2395; x_wconf 84' lang='lat'><strong>15</strong></span> <span class='ocrx_word' id='word_1_323' title='bbox 1220 2356 1388 2408; x_wconf 81' lang='grc' dir='ltr'><strong><em>λογικὸς</em></strong></span> <span class='ocrx_word' id='word_1_324' title='bbox 1405 2354 1696 2406; x_wconf 79' lang='grc' dir='ltr'><em>συλλογισμός,</em></span> <span class='ocrx_word' id='word_1_325' title='bbox 1724 2354 1764 2393; x_wconf 93' lang='lat' dir='ltr'><strong>h.</strong></span> <span class='ocrx_word' id='word_1_326' title='bbox 1787 2365 1821 2392; x_wconf 89' lang='lat' dir='ltr'><strong>e.</strong></span> 
     </span>
     <span class='ocr_line' id='line_1_36' title="bbox 388 2417 1823 2474; baseline -0.009 -8"><span class='ocrx_word' id='word_1_327' title='bbox 388 2423 666 2471; x_wconf 76' lang='grc' dir='ltr'><strong><em>διαλεκτικός,</em></strong></span> <span class='ocrx_word' id='word_1_328' title='bbox 696 2422 764 2472; x_wconf 90' lang='lat' dir='ltr'><strong>qui</strong></span> <span class='ocrx_word' id='word_1_329' title='bbox 792 2421 1008 2471; x_wconf 89' lang='lat' dir='ltr'><strong>opponitur</strong></span> <span class='ocrx_word' id='word_1_330' title='bbox 1034 2420 1092 2474; x_wconf 82' lang='grc' dir='ltr'><strong>τῷ</strong></span> <span class='ocrx_word' id='word_1_331' title='bbox 1120 2418 1418 2474; x_wconf 70' lang='grc' dir='ltr'><em>ἄποδεικτικῷ,</em></span> <span class='ocrx_word' id='word_1_332' title='bbox 1453 2432 1488 2457; x_wconf 89' lang='lat' dir='ltr'><strong>v.</strong></span> <span class='ocrx_word' id='word_1_333' title='bbox 1519 2431 1622 2469; x_wconf 88' lang='lat' dir='ltr'><strong>quae</strong></span> <span class='ocrx_word' id='word_1_334' title='bbox 1651 2417 1823 2454; x_wconf 88' lang='lat' dir='ltr'><strong>diximus</strong></span> 
     </span>
     <span class='ocr_line' id='line_1_37' title="bbox 384 2480 1822 2534; baseline -0.01 -4"><span class='ocrx_word' id='word_1_335' title='bbox 384 2491 437 2530; x_wconf 80' lang='lat' dir='ltr'><strong>ad</strong></span> <span class='ocrx_word' id='word_1_336' title='bbox 464 2491 626 2527; x_wconf 76' lang='lat' dir='ltr'><strong>82b35.</strong></span> <span class='ocrx_word' id='word_1_337' title='bbox 674 2486 798 2524; x_wconf 90' lang='lat' dir='ltr'><strong>Plura</strong></span> <span class='ocrx_word' id='word_1_338' title='bbox 827 2497 945 2534; x_wconf 86' lang='lat' dir='ltr'><strong>quam</strong></span> <span class='ocrx_word' id='word_1_339' title='bbox 974 2494 1077 2534; x_wconf 90' lang='lat' dir='ltr'><strong>quae</strong></span> <span class='ocrx_word' id='word_1_340' title='bbox 1106 2483 1348 2521; x_wconf 88' lang='lat' dir='ltr'><strong>Aristoteles</strong></span> <span class='ocrx_word' id='word_1_341' title='bbox 1378 2486 1419 2520; x_wconf 87' lang='lat' dir='ltr'><strong>et</strong></span> <span class='ocrx_word' id='word_1_342' title='bbox 1444 2482 1543 2519; x_wconf 84' lang='lat' dir='ltr'><strong>dixit</strong></span> <span class='ocrx_word' id='word_1_343' title='bbox 1567 2484 1608 2517; x_wconf 92' lang='lat' dir='ltr'><strong>et</strong></span> <span class='ocrx_word' id='word_1_344' title='bbox 1628 2480 1668 2517; x_wconf 92' lang='lat' dir='ltr'><strong>in</strong></span> <span class='ocrx_word' id='word_1_345' title='bbox 1689 2483 1822 2516; x_wconf 89' lang='lat' dir='ltr'><strong>mente</strong></span> 
     </span>
     <span class='ocr_line' id='line_1_38' title="bbox 384 2542 1834 2598; baseline -0.01 -6"><span class='ocrx_word' id='word_1_346' title='bbox 384 2553 528 2592; x_wconf 85' lang='lat' dir='ltr'><strong>habuit</strong></span> <span class='ocrx_word' id='word_1_347' title='bbox 556 2565 579 2590; x_wconf 93' lang='lat' dir='ltr'><strong>e</strong></span> <span class='ocrx_word' id='word_1_348' title='bbox 606 2562 707 2588; x_wconf 85' lang='lat' dir='ltr'><strong>voce</strong></span> <span class='ocrx_word' id='word_1_349' title='bbox 741 2546 911 2598; x_wconf 81' lang='grc' dir='ltr'><em>λογικὸς</em></span> <span class='ocrx_word' id='word_1_350' title='bbox 939 2546 1105 2584; x_wconf 86' lang='lat' dir='ltr'><strong>extorsit</strong></span> <span class='ocrx_word' id='word_1_351' title='bbox 1132 2547 1252 2584; x_wconf 89' lang='lat' dir='ltr'><strong>Biese</strong></span> <span class='ocrx_word' id='word_1_352' title='bbox 1275 2547 1300 2585; x_wconf 93' lang='grc' dir='ltr'><strong>Ι.</strong></span> <span class='ocrx_word' id='word_1_353' title='bbox 1322 2558 1362 2595; x_wconf 87' lang='lat' dir='ltr'><strong>p.</strong></span> <span class='ocrx_word' id='word_1_354' title='bbox 1381 2547 1478 2582; x_wconf 73' lang='lat'>293:</span> <span class='ocrx_word' id='word_1_355' title='bbox 1505 2543 1646 2591; x_wconf 77' lang='lat' dir='ltr'><strong>„Diess</strong></span> <span class='ocrx_word' id='word_1_356' title='bbox 1676 2542 1834 2593; x_wconf 73' lang='lat' dir='ltr'><strong>geh‘ort‘</strong></span> 
     </span>
     <span class='ocr_line' id='line_1_39' title="bbox 389 2604 1821 2664; baseline -0.008 -11"><span class='ocrx_word' id='word_1_357' title='bbox 389 2616 466 2654; x_wconf 89' lang='lat' dir='ltr'><strong>der</strong></span> <span class='ocrx_word' id='word_1_358' title='bbox 493 2613 731 2664; x_wconf 75' lang='lat' dir='ltr'><strong>Th’atigkeit</strong></span> <span class='ocrx_word' id='word_1_359' title='bbox 758 2612 830 2649; x_wconf 89' lang='lat' dir='ltr'><strong>des</strong></span> <span class='ocrx_word' id='word_1_360' title='bbox 860 2611 1049 2649; x_wconf 88' lang='lat' dir='ltr'><strong>Denkens</strong></span> <span class='ocrx_word' id='word_1_361' title='bbox 1079 2623 1130 2647; x_wconf 89' lang='lat' dir='ltr'><strong>an</strong></span> <span class='ocrx_word' id='word_1_362' title='bbox 1140 2637 1152 2658; x_wconf 63' lang='lat'><em>9</em></span> <span class='ocrx_word' id='word_1_363' title='bbox 1193 2609 1348 2647; x_wconf 87' lang='lat' dir='ltr'><strong>welche</strong></span> <span class='ocrx_word' id='word_1_364' title='bbox 1387 2608 1458 2645; x_wconf 82' lang='lat' dir='ltr'><strong>das</strong></span> <span class='ocrx_word' id='word_1_365' title='bbox 1485 2605 1735 2656; x_wconf 81' lang='lat' dir='ltr'><strong>Aligemeine</strong></span> <span class='ocrx_word' id='word_1_366' title='bbox 1763 2604 1821 2642; x_wconf 89' lang='lat' dir='ltr'><strong>als</strong></span> 
     </span>
     <span class='ocr_line' id='line_1_40' title="bbox 385 2666 1822 2724; baseline -0.009 -8"><span class='ocrx_word' id='word_1_367' title='bbox 385 2677 647 2716; x_wconf 89' lang='lat' dir='ltr'><strong>wesentliche</strong></span> <span class='ocrx_word' id='word_1_368' title='bbox 674 2675 951 2724; x_wconf 81' lang='lat' dir='ltr'><strong>Bestimmung</strong></span> <span class='ocrx_word' id='word_1_369' title='bbox 980 2673 1126 2711; x_wconf 86' lang='lat' dir='ltr'><strong>daraus</strong></span> <span class='ocrx_word' id='word_1_370' title='bbox 1155 2669 1360 2720; x_wconf 88' lang='lat' dir='ltr'><strong>ableitet&#39;&#39;‚</strong></span> <span class='ocrx_word' id='word_1_371' title='bbox 1388 2682 1521 2720; x_wconf 88' lang='lat' dir='ltr'><strong>neque</strong></span> <span class='ocrx_word' id='word_1_372' title='bbox 1541 2669 1693 2708; x_wconf 86' lang='lat' dir='ltr'><strong>rectius</strong></span> <span class='ocrx_word' id='word_1_373' title='bbox 1713 2666 1822 2717; x_wconf 91' lang='lat' dir='ltr'><strong>quod</strong></span> 
     </span>
    </p>

    <p class='ocr_par' dir='ltr' id='par_1_5' title="bbox 361 2731 1819 2794">
     <span class='ocr_line' id='line_1_41' title="bbox 361 2731 1819 2794; baseline -0.01 -12"><span class='ocrx_word' id='word_1_374' title='bbox 361 2791 364 2794; x_wconf 18' lang='grc'><strong><em>1</em></strong></span> <span class='ocrx_word' id='word_1_375' title='bbox 386 2740 465 2781; x_wconf 89' lang='lat' dir='ltr'><strong>hoc</strong></span> <span class='ocrx_word' id='word_1_376' title='bbox 485 2740 576 2779; x_wconf 90' lang='lat' dir='ltr'><strong>loco</strong></span> <span class='ocrx_word' id='word_1_377' title='bbox 589 2739 658 2778; x_wconf 86' lang='lat' dir='ltr'><strong>illa</strong></span> <span class='ocrx_word' id='word_1_378' title='bbox 678 2747 778 2777; x_wconf 79' lang='lat' dir='ltr'><strong>&#39;voce</strong></span> <span class='ocrx_word' id='word_1_379' title='bbox 799 2736 1052 2789; x_wconf 79' lang='lat' dir='ltr'><strong>significetur</strong></span> <span class='ocrx_word' id='word_1_380' title='bbox 1064 2735 1356 2785; x_wconf 82' lang='lat' dir='ltr'><strong>interpretatus</strong></span> <span class='ocrx_word' id='word_1_381' title='bbox 1375 2738 1438 2772; x_wconf 86' lang='lat' dir='ltr'><strong>est</strong></span> <span class='ocrx_word' id='word_1_382' title='bbox 1448 2731 1615 2771; x_wconf 83' lang='lat' dir='ltr'><strong>Rassow</strong></span> <span class='ocrx_word' id='word_1_383' title='bbox 1626 2744 1665 2782; x_wconf 86' lang='lat' dir='ltr'><strong>p.</strong></span> <span class='ocrx_word' id='word_1_384' title='bbox 1677 2731 1819 2768; x_wconf 79' lang='lat' dir='ltr'><strong>20n0t.</strong></span> 
     </span>
    </p>
   </div>
  </div>
 </body>
</html>
