1780 3132
615 210 916 244 ΤΣΤΕΡΩΝ
945 211 983 242 Α.
1483 206 1538 246 25

78 305 139 355 023
171 305 254 369 γάρ
286 307 346 355 ἔτι
377 304 554 371 ἀληθὴς
584 307 702 354 ἔσται
730 305 763 369 ἡ
792 311 879 353 ΑΓ
901 305 1133 365 πρότασις·
1179 301 1268 365 ἅμα
1294 304 1356 361 δέ,
1391 306 1430 352 εἰ
1461 307 1536 352 καὶ

76 375 187 421 εἰσὶν
210 373 456 436 άιιφότεραι
487 372 683 437 ἀληθεῖς,
717 375 792 420 καὶ
811 392 863 420 το
890 373 1184 434 συιιπέρασμα
1211 371 1327 419 ἔσται
1352 370 1534 435 άληθές.
1551 389 1588 416 20

77 439 189 487 ἄλλα
219 443 294 488 καὶ
323 460 405 504 την
424 445 503 487 ΓΒ
537 441 747 501 ἐνδέχεται
782 439 938 504 άληθῆ
971 446 1080 487 εἰναι
1105 444 1185 503 τῆς
1215 438 1362 500 ἑτέρας
1391 438 1536 503 οὔσης

75 511 291 565 ψευδοῦς,
339 506 441 555 οἷον
464 509 501 554 εἰ
539 506 589 554 τὸ
622 511 660 553 Β
691 509 766 553 καὶ
796 508 842 554 ἐν
876 512 941 572 τῷ
978 511 1023 553 Γ
1048 509 1121 553 καὶ
1158 507 1203 553 ἐν
1232 511 1292 553 τῶ
1323 511 1360 553 Α
1396 508 1535 554 ἐστίν·

78 573 246 636 ἀνάγκη
273 573 357 636 γάρ
383 573 575 634 θάτερον
610 572 705 621 ὑπὸ
744 574 938 634 θάτερον
969 571 1092 631 εἶναι,
1129 571 1231 620 ὥστ’
1259 591 1313 620 αν
1339 574 1451 636 λάβη
1481 573 1533 620 τὸ

76 645 115 687 Α
134 644 286 710 μηδενὶ
304 645 390 688 τῶν
413 645 458 687 Γ
479 639 706 701 ὑπάρχειν,
741 640 914 703 ψευδὴς
942 641 1059 687 ἔσται
1092 638 1121 701 ἡ
1151 640 1375 702 πρότασις.
1445 660 1536 702 φα-

76 706 212 768 ’νερὸν
227 710 311 755 οὐν
333 705 399 754 ὅτι
418 709 491 753 καὶ
511 712 592 770 τῆς
605 708 751 770 ἑτέρας
763 711 966 765 ψευδοις
987 706 1130 771 οὔσης
1147 710 1221 754 καὶ
1235 706 1401 770 ἅμφοῖν
1418 709 1536 756 ἔσται
1552 723 1588 751 25

76 772 292 837 ψευδὴς
270 793 295 821 ο
316 774 628 836 συλλογισμός.

176 839 250 887 'Ev
281 843 327 888 δὲ
356 845 421 906 τ9ἷ
452 842 572 907 μέσῳ
602 842 786 904 σχήιιατι
814 838 922 898 ολας
951 841 1029 900 μὲν
1060 836 1168 887 εἷται
1199 839 1276 897 τὰς
1305 840 1541 926 προτάσεις

78 906 331 968 άιιφοτέρας
350 912 529 966 ψευδεῖς
551 907 637 955 οὐκ
660 909 894 969 ἐνδέχεται·
935 906 1043 954 ὅταν
1067 905 1150 969 γάρ
1177 906 1229 954 τὸ
1256 912 1293 953 A
1323 909 1451 954 παντὶ
1479 912 1541 973 τῷ

78 978 117 1021 Β
139 972 330 1036 ὑπάρχη,
367 974 501 1022 οὕδεν
522 976 639 1022 ε’σται
656 980 805 1035 λαβεῖν
826 973 851 1022 3
876 979 936 1040 τῷ
956 994 1034 1035 μεν
1054 975 1183 1040 ετέρῳ
1210 976 1338 1021 παντὶ
1361 955 1537 1040 θατέρῷ

78 1040 118 1087 6'
150 1042 301 1088 οὐδενὶ
332 1041 537 1102 υπάρξει·
591 1046 660 1089 δεῖ
692 1041 731 1088 6'
770 1040 889 1088 οὕτω
929 1041 1166 1102 λαμβάνειν
1194 1040 1271 1099 τὰς
1302 1041 1538 1101 προτάσεις
1553 1060 1590 1088 30

79 1107 187 1155 ὥστε
209 1113 270 1174 τῷ
297 1127 375 1169 μεν
404 1107 616 1177 ὑπάρχειν
642 1114 707 1174 τῷ
727 1111 774 1155 δε
792 1107 852 1172 ιιή
882 1107 1109 1169 υπάρχειν,
1145 1110 1263 1168 εἴπερ
1285 1109 1402 1154 ε’σται
1426 1112 1534 1154 συλ-

78 1174 304 1236 λογισμος.
341 1177 379 1222 εἰ
390 1194 447 1222 ου
449 1194 474 1222 ν
493 1173 610 1222 οὕτω
621 1175 946 1236 λαμβανομεναι
961 1178 1154 1231 ψευδεῖς,
1177 1178 1321 1236 δῆλον
1338 1173 1401 1231 ὦς
1415 1176 1539 1221 ἐναν-

77 1243 179 1298 τίως
210 1241 428 1288 α’νάπαλιν
453 1241 622 1297 ε’ξουσι·
657 1247 792 1288 τοῦτο
825 1240 863 1288 δ’
891 1240 1126 1288 άδύνατον.
1190 1241 1263 1287 ἐπί
1293 1260 1333 1287 τι
1364 1242 1400 1288 δ’
1435 1261 1537 1288 εκα-

78 1308 206 1367 τέραν
228 1307 363 1355 οὐδὲν
389 1308 552 1355 κωλύει
575 1312 724 1371 ψευδῆ
746 1306 870 1364 εἶναι,
906 1306 1002 1355 οἷον
1029 1306 1136 1354 εἰτὸ
1162 1310 1292 1354 Γκαὶ
1312 1313 1377 1373 τῷ
1397 1313 1435 1355 Α
1462 1310 1539 1355 καὶ

72 1379 143 1440 ,τῷ
165 1379 202 1421 Β
225 1377 306 1422 τινὶ
328 1374 542 1436 ὑπάρχοι·
581 1373 635 1422 ὃῖν
657 1374 740 1437 γὰρ
765 1381 829 1440 τῷ
858 1377 936 1435 μὲν
968 1380 1005 1421 A
1040 1376 1166 1422 παντὶ
1197 1379 1358 1438 ληφθῇ
1390 1374 1537 1435 ὑπάρ-
1554 1391 1589 1418 35

79 1460 180 1503 χον,
226 1447 288 1508 τῷ
318 1444 364 1489 δὲ
393 1447 430 1489 Β
458 1444 633 1505 μηδενί,
686 1447 866 1499 ψευδεῖς
897 1444 976 1502 μὲν
1012 1441 1255 1503 ἀμφότεραι
1295 1444 1339 1488 αἱ
1371 1443 1538 1503 προτά-

79 1520 185 1566 σεις,
221 1508 282 1555 οὐ
311 1510 456 1569 μέντοι
488 1508 590 1556 ὅλαι
622 1508 715 1556 ἄλλ’
750 1510 821 1556 ἐπί
846 1527 900 1556 τι.
962 1511 1037 1555 καὶ
1065 1508 1282 1556 άνάπαλιν
1309 1511 1355 1556 δὲ
1385 1511 1539 1557 τεθέν-

79 1594 154 1633 τος
175 1580 259 1622 τοῦ
279 1581 539 1639 στερητικοῦ
561 1576 784 1633 ὡσαύτως.
839 1575 919 1638 τὴν
940 1575 978 1623 6’
999 1576 1149 1637 ετέραν
1171 1574 1280 1623 εἶναι
1295 1580 1448 1640 ψευδη
1467 1579 1542 1623 καὶ

83 1641 388 1703 ὁποτερανοῦν
429 1644 651 1704 ἐνδέχεται.
722 1641 747 1690 3
777 1641 860 1704 γάρ
882 1642 1072 1703 ὑπάρχει
1106 1647 1167 1708 τῷ
1199 1649 1236 1689 Α
1273 1645 1423 1699 παντί,
1467 1645 1542 1690 καὶ

80 1714 146 1774 τῷ
176 1713 213 1755 Β
239 1708 447 1771 ὑπάρχει·
508 1710 583 1757 ἐὰν
622 1704 706 1757 οὖν
735 1714 896 1773 ληφθη
930 1715 991 1775 τῷ
1023 1728 1102 1770 μεν
1133 1691 1171 1756 ‘A
1203 1708 1294 1776 ὅλῳ
1324 1709 1542 1772 ὑπάρχειν
1558 1725 1594 1752 40

80 1776 131 1822 τὸ
154 1780 204 1833 Γ,
239 1781 301 1841 ¹1:93
322 1779 368 1823 δε
397 1781 434 1822 Β
464 1774 553 1842 ὅλῳ
583 1775 643 1838 μὴ
675 1776 903 1836 ὑπάρχειηι
938 1796 967 1839 η
1000 1795 1079 1836 μεν
1105 1781 1182 1822 ΓΑ
1208 1759 1424 1840 άληθὴς’
1410 1779 1540 1834 ἔσται,
1558 1791 1583 1823 b

81 1841 111 1906 ἡ
144 1844 191 1889 δε
217 1847 292 1889 ΙΒ
324 1843 509 1906 ψευδής.
567 1843 699 1890 πάλιν
729 1841 754 1889 3
787 1847 848 1908 τῷ
870 1847 906 1889 Β
936 1844 1087 1906 μηδενὶ
1111 1843 1313 1904 ιπαρχει,
1351 1863 1407 1891 01
1396 1843 1456 1891 ’δε
1481 1850 1543 1910 τῷ

82 1915 119 1956 Α
139 1911 266 1956 παιτὶ
290 1909 497 1969 υπάρξει·
536 1912 572 1956 εἰ
594 1929 678 1972 γαρ
707 1914 769 1975 τῷ
792 1891 842 1967 A,
879 1912 953 1956 καὶ
978 1915 1039 1976 1:93
1061 1914 1119 1956 Β·
1158 1909 1253 1956 αλλ’
1283 1910 1367 1972 οὐχ
1390 1911 1541 1975 ὑπῆρ-

49 1978 53 1980 ᾎ
81 1995 164 2038 χεν.
220 1975 293 2024 εἀν
322 1981 407 2024 οὐν
427 1982 588 2060 ληφθῇ
607 1976 658 2024 τὸ
681 1981 726 2023 Γ
747 1981 808 2042 τῷ
831 1996 910 2037 μεν
941 1981 978 2022 Α
1010 1959 1103 2042 ὅλῳ
1133 1976 1365 2040 ὑπάρχειν,
1401 1984 1466 2045 τῷ
1494 1981 1542 2026 δὲ

81 2048 119 2091 Β
149 2045 324 2106 μηδενί,
368 2043 397 2107 ἡ
435 2063 512 2104 μεν
546 2048 624 2090 ΓΒ
653 2025 865 2104 πρότάσις
899 2043 1099 2107 ἀληθής,
1148 2043 1174 2109 ἡ
1207 2045 1246 2091 6'
1275 2047 1397 2106 ἑτέρα
1426 2050 1575 2103 ψευ-5

82 2110 179 2172 ‘5²7'ss-
218 2109 383 2171 ὁιιοίως
405 2113 451 2158 δε
469 2113 543 2157 καὶ
566 2112 874 2172 μετατεθέντος
885 2115 969 2158 τοῦ
988 2117 1262 2174 στερητικοῦ.
1300 2111 1325 2159 3
1350 2132 1433 2180 γαρ
1455 2133 1542 2176 μη-

83 2179 174 2224 δενὶ
193 2176 381 2239 υπάρχει
401 2183 462 2244 τῷ
482 2183 533 2236 A,
569 2177 676 2226 ου’δε
696 2183 760 2243 τῷ
781 2182 818 2224 Β
834 2177 985 2225 οὐδενὶ
1003 2177 1211 2238 νπάρξει·
1249 2178 1325 2226 εἀν
1352 2181 1439 2227 οὐν
1459 2185 1542 2243 λη-

84 2248 186 2305 φθη
225 2243 275 2290 τὸ
311 2249 356 2290 Γ
390 2250 451 2309 τῷ
490 2263 567 2305 μεν
608 2250 645 2291 Α
686 2226 777 2310 ὅλῳ
801 2244 861 2308 μὴ
902 2243 1136 2306 ὑπάρχειν,
1193 2251 1254 2312 τῷ
1289 2249 1336 2294 δε
1375 2251 1412 2293 Β
1453 2245 1544 2313 ὅλω

83 2309 312 2372 ὑπάρχειν,
356 2309 385 2374 ἡ
420 2331 498 2372 μεν
529 2315 615 2357 ΑΓ
640 2312 857 2371 πρότασις
895 2311 1074 2375 αληθὴς
1104 2314 1234 2371 ε’σται,
1278 2334 1307 2377 η
1342 2314 1465 2373 ετέρα
1497 2316 1544 2361 δε

83 2378 267 2441 ψευδής.
335 2380 408 2424 καὶ
440 2378 595 2435 πάλιν,
643 2377 670 2425 3
699 2381 829 2426 παντὶ
858 2383 923 2462 τῷ
952 2383 990 2425 Β
1026 2378 1234 2441 ὑπάρχει,
1280 2383 1434 2444 μηδειι
1463 2386 1543 2428 λα-
1562 2394 1596 2421 10

83 2448 176 2505 βεῖν
204 2449 269 2510 τῷ
298 2449 336 2491 Α
369 2443 571 2507 ὑπάρχον
600 2449 784 2504 ψευδος.
841 2444 1009 2509 ανάγκη
1037 2446 1135 2509 γάρ,
1172 2450 1210 2494 εἰ
1236 2453 1298 2515 τῷ
1326 2453 1364 2494 Β
1401 2450 1546 2507 παντί,

179 2570 1547 2630 manased.—slomn.—2036rottomM.—-213⁸21an-

86 2616 132 2648 22
155 2627 197 2670 pr
219 2615 282 2668 afa).
308 2628 363 2648 om
392 2617 439 2649 M.
464 2634 508 2640 —
533 2618 577 2649 23
603 2615 672 2662 γὰρ
698 2629 753 2650 om
778 2630 835 2662 ηρ.
863 2638 904 2642 -
930 2619 973 2652 29
998 2613 1180 2673 υπάρχειν
1209 2620 1256 2651 Μ.
1274 2639 1319 2645 -
1345 2618 1418 2654 ἔστι
1446 2622 1482 2654 C.
1499 2640 1547 2647 —

89 2661 134 2693 30
157 2658 317 2706 υπάρχει
333 2673 401 2716 up
426 2679 471 2686 -—
505 2662 544 2693 31
575 2661 679 2707 εἴπερ
691 2665 794 2705 rcf.
820 2682 862 2688 —-
897 2664 940 2697 33
966 2661 1141 2706 εκάτερον
1164 2665 1332 2697 ΑΒιῖπιΜ.
1357 2684 1399 2689 -
1433 2667 1477 2700 35
1500 2679 1547 2700 v·-

87 2702 185 2750 πάρχ
166 2716 219 2748 χει
248 2707 297 2747 Μ,
319 2703 479 2760 ὐπάρχει
503 2703 583 2739 οἷον
608 2707 642 2739 d.
671 2725 713 2731 —
736 2709 780 2740 37
806 2706 893 2742 ἕπει.
919 2707 1010 2762 (sic)
1034 2708 1096 2741 καὶ
1120 2720 1153 2739 η.
1180 2728 1222 2733 --
1249 2707 1288 2743 δε
1314 2721 1368 2742 om
1393 2711 1430 2744 C.

178 2748 268 2783 80b1
301 2748 342 2783 τὸ
451 2748 652 2806 υπάρχειν
666 2763 708 2794 pr
740 2764 794 2784 om
828 2765 856 2785 c.
883 2772 930 2777 —
960 2750 1110 2806 υπάρχῃ
1143 2754 1175 2786 cl.
1210 2773 1254 2779 —
1287 2755 1309 2787 2
1337 2755 1381 2810 βγ
1413 2757 1466 2799 pf.
1502 2773 1546 2781 —

89 2796 110 2828 5
135 2794 180 2839 βγ
204 2796 270 2828 Bu.
297 2814 335 2819 —
363 2796 414 2828 alt
437 2794 477 2840 ἡ]
505 2794 606 2831 ἔσται
629 2793 652 2840 ἡ
677 2808 735 2841 up.
750 2816 796 2822 -—-
819 2798 839 2831 7
864 2795 1015 2843 υπάρχῃ
1039 2798 1093 2844 τῷ
1117 2809 1150 2832 π.
1168 2818 1210 2824 -
1238 2801 1275 2833 ll
1291 2798 1475 2846 ’ὑπάρχειν
1487 2812 1546 2845 np.
