1780 3132
646 201 936 236 ΤΣΤΕΡΩΝ
962 206 1001 237 Α.
1511 203 1561 242 21

99 296 161 360 μὴ
180 296 407 359 ὑπάρχειν,
430 296 460 361 5
481 297 732 359 κατάφασις
752 304 839 346 τοῦ
863 298 1091 361 ὑπάρχειν,
1112 297 1262 360 ὥσπερ
1277 300 1315 346 εἰ
1339 298 1391 347 τὸ
1412 298 1560 361 οῗσύμ-

98 383 236 426 μετρα
269 362 380 412 εἶναι
419 363 472 411 τά
511 363 657 425 θερμὰ
694 367 769 411 καὶ
812 365 982 451 ψυχρά
996 371 1080 414 τοῦ
1110 365 1172 430 μὴ
1215 365 1456 429 ὑγιαίνειν,
1507 367 1560 414 τὸ

99 431 327 493 συμμετρα
345 428 453 478 εἶναι
474 437 560 478 τοῦ
589 430 815 493 υγιαίνειν.
877 433 1041 494 ὁμοίως
1066 435 1112 481 δε
1136 435 1210 480 καὶ
1229 436 1268 480 εἰ
1296 432 1325 496 ἡ
1354 433 1557 496 κατάφα-
1573 453 1610 480 20

100 511 170 556 σις
197 503 283 545 τοῦ
320 497 546 559 ὑπάρχειν,
590 497 620 562 ἡ
657 497 885 560 ἀπόφασις
910 505 995 547 τοῦ
1026 520 1087 564 μη
1119 500 1343 562 ὑπάρχειν.
1409 502 1479 548 ἐπὶ
1510 503 1557 547 δὲ

98 584 189 611 των
222 562 366 623 οἴτως
399 564 731 627 ἀποδεδομένων
760 565 822 613 οὐ
844 569 1072 628 συμβαίνει
1095 567 1148 615 τὸ
1171 568 1352 629 λεχθέν·
1388 587 1448 614 ου
1473 567 1557 630 γάρ

99 629 218 678 απαν
248 630 434 679 α’ναπνεῖ
462 636 590 697 ζῷον.
658 632 684 679 ὁ
706 634 752 679 δε
783 647 834 680 σι
834 633 1080 696 λλογισμὸς
1106 636 1266 696 γίνεται
1294 639 1373 698 τῆς
1397 635 1556 681 τοιαύ-

96 715 175 767 της
206 700 345 756 αἰτίας
377 700 423 745 ἐν
445 704 510 764 τῷ
533 700 652 764 μέσῳ
688 699 885 760 σχηιιατι.
941 707 1037 748 οἱον
1057 703 1163 748 ε’στω
1183 700 1233 748 τὸ
1257 706 1294 747 Α
1306 705 1454 769 ζῷον,
1489 701 1558 763 ἐφ’

97 768 157 812 οὑ
178 764 231 812 τὸ
253 769 291 811 Β
311 764 363 812 τὸ
386 764 604 823 άναπνεῖν,
640 765 709 827 ἐφ’
730 771 765 812 05
788 771 834 813 Γ
847 773 1004 828 τοῖχος.
1061 773 1122 833 τῷ
1152 788 1231 828 μεν
1263 770 1349 815 οὐν
1368 773 1406 814 Β
1428 770 1556 815 παντὶ
1572 786 1607 813 2⁵

95 830 285 893 ὑπάρχει
316 830 368 878 τὸ
406 837 439 878 Α
470 836 579 893 (πᾶν
607 852 692 894 γαρ
721 833 772 880 τὸ
806 832 1024 881 α’ναπνέον
1063 838 1216 899 ζῷον),
1251 839 1313 900 τῷ
1336 837 1383 881 δε
1409 834 1554 882 Γου-

95 900 208 957 θενί,
244 897 351 945 ὥστε
374 898 482 946 οὐδὲ
502 899 552 946 τὸ
578 904 614 946 Β
632 905 694 966 τῷ
716 905 762 946 Γ
774 899 958 948 ονθενί·
996 921 1054 948 ov
1045 900 1083 947 ’κ
1105 901 1191 962 α’ρα
1214 901 1267 948 άι
1270 917 1357 948 απι
1359 921 1394 948 ει
1412 901 1438 948 6
1463 907 1555 949 tol-

95 985 185 1027 χος.
254 967 419 1013 ἐοίκασι
455 965 494 1012 δ’
525 968 569 1013 αἱ
598 971 801 1014 τοιαῦται
830 972 917 1014 τῶν
954 971 1104 1015 αἰτιῶν
1142 975 1234 1026 τοῖς
1270 967 1378 1015 καθ’
1415 967 1555 1029 ὑπερ-

93 1031 237 1095 βολὴν
258 1034 512 1096 εἰρημένοις·
532 1038 667 1080 τοῦτο
686 1033 725 1080 δ’
739 1036 827 1081 ε’στι
845 1034 895 1081 τὸ
919 1037 1056 1082 πλέον
1078 1034 1392 1098 ἄποστήσαντα
1411 1034 1463 1082 τό
1478 1036 1554 1096 μέ-

94 1113 177 1147 σον
201 1101 347 1157 εἰπεῖν,
370 1098 465 1146 οἷον
492 1099 544 1146 τό
567 1106 652 1147 τοῦ
673 1099 970 1161 Ἀναχάρσιος,
1001 1100 1068 1148 ὅτι
1089 1103 1134 1149 ἐν
1156 1101 1366 1158 Σκύθαις
1386 1101 1474 1148 οὐκ
1493 1104 1553 1148 εἰ-
1570 1117 1606 1144 80

95 1168 168 1214 σὶν
188 1165 447 1229 αὕληται,ο
421 1165 530 1213 ου’ὁε
552 1166 635 1227 γάρ
654 1166 851 1227 αιιπελοι.

196 1232 325 1279 Κατὰ
352 1252 431 1292 μεν
451 1231 522 1301 65
552 1252 633 1296 την
669 1232 810 1296 αὐτὴν
840 1232 1080 1295 ἐπιστήμην
1105 1235 1178 1280 καὶ
1207 1251 1319 1280 κατα
1351 1230 1434 1295 τήν
1465 1237 1554 1279 τῶν

92 1299 237 1359 μέσων
256 1300 385 1347 θέσιν
406 1302 466 1346 αὖ
469 1319 539 1346 ται
559 1301 775 1361 διαφοραί
794 1301 877 1346 εἶσι
900 1305 984 1346 τοῦ
1010 1319 1078 1346 οτι
1097 1299 1213 1361 πρὸς
1229 1299 1311 1347 τὸν
1334 1304 1418 1346 τοῦ
1436 1300 1553 1346 διότι

93 1367 416 1428 συλλογισμόν·
464 1366 599 1413 ἄλλον
633 1369 679 1414 δε
719 1366 886 1427 τρόπον
915 1368 1115 1427 διαφέρει
1144 1366 1194 1414 τὸ
1226 1369 1341 1413 διότι
1374 1371 1458 1413 τοῦ
1486 1364 1552 1413 ὅτι
1593 1423 1595 1426 ¹

91 1432 143 1480 τὸ
166 1432 223 1480 δι’
242 1431 380 1496 ι’ίλλης
407 1434 646 1497 ἐπιστήμης
667 1434 872 1494 ἑκάτερον
898 1439 1096 1495 θεωρεῖν.
1156 1439 1342 1481 τοιαῦτα
1370 1432 1408 1480 δ’
1437 1434 1603 1480 &vivas

92 1498 179 1547 ὅσα
208 1498 352 1558 οὕτως
382 1502 463 1561 ἔχει
487 1500 599 1561 πρὸς
630 1500 799 1564 ἄλληλα
822 1499 922 1547 ὥστ’
950 1498 1057 1547 εἶναι
1079 1501 1273 1561 θάτερον
1295 1499 1391 1548 ὑπὸ
1416 1500 1551 1547 θάτε-

94 1586 196 1628 ρον,
254 1565 350 1614 οἷον
390 1565 443 1613 τά
486 1566 646 1614 dnum}
680 1567 792 1626 πρὸς
826 1569 1085 1628 γεωμετρίαν
1129 1571 1204 1615 καὶ
1244 1567 1297 1615 τά
1333 1566 1553 1630 μηχανικὰ

90 1632 208 1692 πρὸς
237 1636 563 1694 στερεομετρίαν
592 1636 666 1681 καὶ
694 1634 748 1680 τά
780 1633 994 1694 ἁρμονικὰ
1020 1633 1137 1694 πρὸς
1161 1633 1458 1696 ἀριθμητικὴν
1478 1635 1554 1680 καὶ

90 1699 144 1747 τά
165 1701 412 1762 φαινόμενα
434 1700 546 1761 πρὸς
566 1700 896 1764 ἀστρολογικήν.
949 1701 1106 1761 σχεδὸν
1134 1704 1182 1748 δὲ
1201 1700 1465 1760 συνοίνυμοί
1490 1702 1552 1746 εἰ-

92 1781 164 1814 σιν
193 1769 301 1814 ἔνιαι
333 1767 504 1814 τούτων
534 1773 620 1814 τῶν
653 1769 911 1830 ἐπιστημῶν,
942 1766 1037 1813 οἷον
1064 1767 1327 1829 ἀστρολογία
1353 1766 1386 1830 5
1403 1786 1447 1813 τε
1466 1786 1550 1826 μα-
1565 1783 1603 1810 40

89 1833 316 1898 θηματικὴ
346 1836 416 1880 καὶ
452 1833 479 1897 ἡ
515 1834 719 1896 ναυτική,
767 1836 841 1880 καὶ
876 1833 1091 1898 αρμονικὴ
1122 1834 1150 1897 5
1186 1853 1229 1881 τε
1260 1833 1548 1897 μαθηματικη
1568 1852 1602 1883 P·
1595 1838 1657 1872 39

91 1904 164 1948 καὶ
187 1900 215 1964 5
240 1899 352 1947 κατά
377 1900 461 1964 τὴν
478 1900 629 1964 ακοήν.
682 1902 879 1948 ἐνταῦθα
901 1920 984 1962 γαρ
1008 1900 1060 1948 τὸ
1080 1921 1158 1960 μεν
1186 1899 1252 1948 ὅτι
1269 1906 1360 1948 τῶν
1383 1903 1549 1964 αισθη-

89 1987 226 2015 τικων
245 1969 416 2026 ειδέναι,
437 1967 489 2015 τό
509 1970 555 2015 δε
577 1968 691 2015 διότι
706 1973 796 2015 τῶν
815 1973 1147 2055 μαθηματικῶν·
1171 1963 1390 2030 οὑτοιμὶρ
1400 1969 1550 2029 εχουσι

90 2040 180 2082 τοῖν
191 2034 424 2092 αἰτίων-’τὰς
440 2034 694 2093 ἀποδείξεις,
705 2038 777 2082 καὶ
792 2037 1005 2092 πολλάκις
1016 2035 1103 2082 οὔκ
1118 2038 1236 2082 ἴσασι
1246 2034 1296 2082 τὸ
1309 2034 1390 2090 ὅτι,
1401 2035 1549 2081 καθά-

89 2117 171 2162 περ
191 2103 233 2149 οἱ
245 2100 293 2148 τό
307 2102 518 2149 καθόλου
530 2107 807 2161 θεωρουντες
819 2107 906 2149 πολ
909 2102 1068 2159 λάκις”
1046 2122 1136 2149 ενια
1153 2101 1353 2149 τῶνκαθ’
1363 2103 1548 2149 ἕκαστον
1565 2116 1582 2142 ⁵

90 2168 177 2216 οὐκ
195 2171 314 2215 ἴσασι
336 2167 390 2215 δι’
414 2169 739 2226 άνεπισκεψιάν.
789 2171 877 2216 ἔστι
897 2171 943 2216 δὲ
957 2175 1096 2216 ταῦτα
1120 2168 1206 2217 ὅσα
1228 2169 1373 2230 ἕτερόν
1384 2188 1426 2215 τι
1443 2168 1549 2215 ὄντα

90 2234 171 2299 τὴν
189 2235 350 2283 οὐσίαν
367 2237 571 2299 κέχρηται
591 2243 684 2294 τοῖς
706 2239 876 2283 εἴδεσιν.
911 2235 964 2283 τά
983 2235 1066 2299 γὰρ
1079 2237 1318 2301 μαθήματα
1337 2238 1434 2297 περὶ
1454 2238 1550 2299 εἴδη

186 2386 226 2419 19
251 2392 306 2425 ψι
309 2381 377 2426 χρὰ
402 2385 463 2419 καὶ
487 2383 611 2430 θερμὰ
641 2388 677 2417 C.
703 2404 739 2408 —
770 2383 848 2428 καὶ]
875 2384 938 2418 και
963 2384 1008 2419 τὰ
1024 2387 1112 2430 Rnp.
1130 2405 1168 2411 --
1195 2384 1242 2419 τὰ
1254 2386 1547 2440 ABCcdfuupM.

90 2448 135 2456 —-
167 2431 209 2462 21
239 2429 313 2473 ἐπὶ]
342 2430 376 2463 εἰ
399 2442 439 2472 pr
468 2431 507 2463 B.
534 2449 579 2454 —
612 2431 657 2462 22
690 2427 975 2471 ἀποδιδομένων
1008 2443 1065 2472 np.
1092 2449 1136 2457 —
1170 2433 1214 2463 95
1240 2444 1267 2474 ῳ
1293 2432 1314 2472 β
1340 2443 1395 2472 np
1424 2448 1466 2454 --
1501 2430 1549 2460 alt

91 2472 133 2509 τό
166 2477 357 2507 (1110-
394 2471 591 2519 τῷ]·ιὸᾱ,
618 2476 725 2529 prA.
752 2474 1086 2526 -Qfiussrcfiffi
1111 2465 1549 2526 -τῷδεγ]τὸδεβ

91 2520 188 2563 p.rA
198 2538 243 2544 -—
267 2521 311 2553 26
336 2512 463 2555 ου’δενὶ
495 2520 631 2552 omissis
659 2531 752 2554 ωστε
853 2516 989 2553 σι’θενί
1005 2522 1038 2561 f.
1052 2537 1091 2544 —
1118 2520 1262 2552 26et‘27
1275 2518 1402 2553 ου’δενί
1426 2530 1484 2562 up.
1504 2538 1549 2542 —

91 2566 135 2597 27
156 2562 242 2598 οὔτε
255 2566 371 2598 Ab'cu.
392 2584 433 2589 ——
458 2567 503 2599 30
525 2562 784 2607 Ἀναχάρσιδος
814 2565 934 2607 qunp,
961 2577 1040 2596 corr
1066 2576 1099 2597 u.
1113 2582 1157 2589 -
1183 2566 1220 2597 31
1252 2563 1467 2619 αυλητρίδες
1489 2575 1547 2607 πρ.

91 2628 136 2634 -—
161 2611 205 2642 32
230 2610 295 2664 65]
321 2623 388 2644 ουν
413 2622 473 2654 np-
499 2629 544 2635 —
571 2611 645 2644 τῶν
670 2623 726 2643 om
751 2623 779 2654 c,
805 2622 853 2663 pr
874 2611 910 2642 C.
924 2627 970 2635 —
995 2611 1038 2643 33
1062 2608 1194 2652 μέσων]
1223 2608 1348 2644 αὐτῶν
1362 2609 1547 2649 ABcudM,

92 2666 140 2710 pr
161 2655 200 2694 C,
235 2652 379 2698 οἷμέσων
404 2668 441 2688 rc
466 2667 570 2710 supra
595 2668 632 2687 vs
658 2657 699 2690 B.
724 2675 772 2681 —
805 2649 919 2688 αὗται
943 2668 981 2688 αι
1007 2655 1173 2697 ‹5112de
1200 2673 1241 2678 —-
1278 2656 1320 2689 35
1345 2654 1396 2700 τῷ
1419 2665 1477 2698 np.
1502 2672 1548 2679 —

92 2697 140 2733 δι’
164 2701 253 2741 rof.
281 2719 319 2724 —-—
354 2702 398 2734 36
422 2697 496 2735 υπὸ
522 2700 690 2745 θατέρου
718 2701 767 2734 Μ.
795 2719 834 2725 -
873 2700 917 2733 37
947 2698 1009 2733 καὶ
1043 2711 1098 2731 om
1124 2699 1155 2731 d.
1185 2718 1228 2724 —
1260 2702 1305 2733 40
1330 2691 1410 2735 ἔνια
1435 2701 1477 2732 13.
1503 2717 1547 2723 —-

92 2742 174 2778 οἷον
199 2755 256 2776 om
281 2745 315 2778 d.

181 2787 270 2823 79³4
295 2789 426 2823 αἰτιῶν
452 2790 490 2823 C.
