1786 3068
267 212 318 250 12
792 215 1179 251 ΑΝΑΛΤΤΙΚΩΝ

220 326 255 353 25
270 309 569 369 συμπέρασμα.
625 312 692 355 δεῖ
709 307 746 354 δ’
768 309 928 369 ἐρωτᾶν
945 329 1030 372 ουχ
1058 331 1120 369 ως
1145 311 1378 374 άναγκαῖον
1402 311 1509 360 εἶναι
1538 314 1609 361 διά
1634 315 1686 362 τὰ

272 374 535 436 ἠρωτημένα,
573 373 664 419 ἄλλ’
693 372 757 419 ὅτι
787 375 924 436 λέγειν
950 375 1115 458 άνάγκη
1142 383 1206 443 τῷ
1235 379 1373 426 ἐκεῖνα
1402 380 1580 441 λέγοντι,
1613 383 1687 428 καὶ

271 439 453 502 άληθῶς
474 441 622 500 λέγειν,
658 438 731 484 ἐὰν
755 435 982 502 άληθῶςῒ
953 462 982 502 ῃ
1001 425 1264 503 υπάρχοντα.

365 505 480 551 Ἐπεὶ
514 504 552 550 δ’
587 504 631 558 ἐξ
658 503 847 568 α-νάγκης
880 506 1067 591 ιιπάρχει
1094 511 1190 570 περὶ
1223 511 1404 556 ἕκαστον
1440 511 1562 571 γένος
1602 508 1688 556 ὅσα

266 569 369 616 καθ’
399 567 508 616 αὐτά
535 568 733 630 ὑπάρχει,
767 575 838 618 καὶ
867 575 896 632 ᾑ
931 574 1124 631 ἕκαστον,
1168 574 1359 639 φανερὸν
1389 573 1455 621 ὅτι
1476 578 1574 637 περὶ
1603 581 1688 622 τῶν

216 636 368 681 noua&
395 633 506 681 αυτά
534 633 816 695 ὑπαρχόντων
847 639 892 683 αἱ
925 640 1242 702 ἐπιστημονικαὶ
1274 640 1510 698 ἀποδείξεις
1538 643 1612 687 καὶ
1643 643 1688 688 ἐκ

264 719 353 747 των
369 716 578 746 τοιουτων
600 701 818 748 εἰσίν.τά
842 722 919 762 μεν
934 703 1015 766 γὰρ
1035 707 1338 769 συμβεβηκότα
1355 705 1443 753 οὐκ
1464 706 1686 768 ἀναγκαῖα,

264 764 363 813 ὥστ’
379 764 466 812 οὐκ
487 764 652 828 ανάγκη
675 765 727 813 τὸ
751 770 1038 830 συμπέρασμα
1058 773 1214 818 εἰδέναι
1235 772 1347 819 διότι
1367 771 1566 833 ὑπάρχει,
1590 771 1688 819 οὐδ’

264 834 302 878 εἰ
329 830 394 877 αἐὶ
425 833 504 893 ειή,
538 831 598 894 μὴ
623 832 726 879 καθ’
749 833 861 881 αὑτὸ
891 837 951 892 δέ,
985 842 1078 883 οἱον
1107 839 1149 883 οἱ
1176 836 1248 884 διὰ
1269 839 1455 900 σημείων
1479 842 1686 897 συλλογι-

263 898 378 956 σμοί.
411 895 461 942 τὸ
478 895 560 957 γάρ
583 897 687 944 καθ’
706 899 817 946 αὐτὸ
829 919 887 946 ου
899 901 1003 947 καθ’
1023 901 1135 948 αυτὸ
1150 904 1430 966 ἐπιστήσεται,
1447 902 1552 950 ου’δε
1563 904 1684 950 διότι.

213 979 247 1007 3⁵
262 962 313 1009 τὸ
328 964 374 1008 δε
394 962 506 1008 διότι
528 965 813 1011 ἐπι’στασθαι’
800 967 888 1012 ε’στι
902 965 951 1012 vd
972 966 1044 1013 διὰ
1062 972 1146 1014 τοῦ
1165 970 1307 1015 αἰτίου
1325 970 1595 1015 ἐπίστασθαι.
1630 968 1687 1015 δι’

263 1027 376 1075 αὐτὸ
403 1047 488 1088 αρα
506 1033 573 1076 δεῖ
590 1032 665 1076 καὶ
685 1029 735 1077 τὸ
753 1031 886 1091 μέσον
901 1036 962 1078 τῶ
982 1034 1108 1099 τρίτω
1137 1035 1210 1080 καὶ
1231 1033 1282 1080 vd
1301 1039 1472 1095 πρῶτον
1488 1039 1552 1099 τῷ
1569 1035 1686 1099 μέσῳ

259 1093 482 1153 ὑπάρχειν.

211 1171 243 1214 7
365 1158 463 1206 Οὐκ
486 1158 570 1219 ἄρα
593 1161 704 1207 ε’στιν
732 1159 776 1215 ἐξ
795 1160 936 1208 ἄλλου
963 1162 1117 1222 γένους
1144 1165 1383 1225 μεταβάντα
1415 1164 1559 1223 δεῖξαι,
1593 1162 1687 1212 οἷον

258 1223 309 1270 τὸ
332 1224 613 1309 γεωμετρικὸν
643 1226 920 1289 ἀριθμητικῇ
973 1230 1069 1289 τρία
1091 1229 1173 1290 γάρ
1194 1231 1281 1277 ἐστι
1308 1230 1360 1276 τὰ
1383 1232 1428 1277 ἐν
1454 1237 1548 1288 ταῖς
1575 1230 1685 1277 άπο-

209 1304 244 1332 4ο
259 1290 486 1348 δείξεσιν,
482 1310 525 1337 εν
556 1293 633 1351 μεν
663 1290 713 1338 τὸ
742 1291 1108 1353 ἀποδεικνύμενον
1126 1294 1178 1341 τὸ
1206 1297 1517 1356 συμπέρασμα·
1552 1300 1686 1343 τοῦτο

258 1355 297 1403 6²
326 1358 411 1403 ἐστὶ
438 1355 488 1402 τὸ
521 1355 721 1418 υπάρχον
753 1359 861 1419 γένει
894 1362 975 1406 τινὶ
1005 1359 1108 1407 καθ’
1135 1360 1255 1408 αὑτό.
1316 1363 1364 1408 ἓν
1395 1364 1442 1408 δὲ
1469 1360 1521 1408 τά
1554 1361 1684 1417 αξιω’-

257 1440 392 1482 ματα·
429 1421 646 1483 άξιοίιιατα
669 1422 707 1469 6'
729 1425 841 1471 ἐστὶν
871 1424 916 1480 ἐξ
932 1444 1007 1472 ων.
1060 1427 1203 1487 τρίτον
1222 1425 1271 1474 τὰ
1295 1428 1417 1489 γένος
1433 1426 1483 1474 τὸ
1504 1426 1684 1474 ὑποκεί-

217 1500 399 1548 Ιιμενο-ν,
436 1490 493 1534 οὐ
521 1489 572 1534 τὰ
607 1489 732 1557 πάθη
765 1493 839 1536 καὶ
865 1489 917 1536 256
949 1490 1052 1538 καθ’
1081 1491 1192 1539 αὐτὰ
1222 1493 1547 1556 συμβεβηκότα
1557 1497 1690 1556 δηλοῖ

258 1552 287 1615 ἡ
307 1553 542 1610 οἷπόδειξις.
593 1554 638 1610 ἐξ
654 1557 717 1600 ὠν
739 1575 815 1614 μεν
834 1559 918 1602 οὐν
939 1556 969 1619 ἡ
992 1556 1224 1615 ἀπόδειξις,
1259 1560 1466 1620 ἐνδέχεται
1485 1558 1537 1605 τὰ
1571 1557 1685 1605 αὐτοὶ

257 1617 385 1666 εἶναι·
421 1638 484 1666 ων
513 1622 558 1666 δε
579 1619 629 1666 τὸ
655 1622 778 1682 γένος
806 1623 962 1682 ἕτερον,
997 1621 1143 1684 ὥσπερ
1173 1623 1459 1688 άριθμητικης
1483 1626 1556 1670 καὶ
1578 1643 1684 1685 γεω-

255 1687 440 1746 μετρίας,
477 1684 564 1732 οὐκ
587 1688 673 1732 ε’στι
688 1705 771 1748 την
789 1686 1080 1751 άριθμητικην
1100 1688 1317 1745 άπόδειξιν
1345 1692 1591 1751 ἐφαρμόσαι
1617 1691 1685 1736 ἐπὶ

224 1749 309 1798 5156
337 1757 428 1807 τοῖς
455 1753 652 1811 μεγέθεσι
686 1754 1009 1814 συμβεβηκότα,
1056 1757 1094 1800 εἰ
1121 1774 1180 1817 μη
1218 1754 1270 1801 τά
1309 1758 1472 1818 μεγέθη
1501 1755 1687 1815 οἷριθμοί

255 1818 357 1863 εἰσι·
391 1821 524 1862 τοῦτο
545 1816 584 1863 δ’
613 1836 671 1874 ως
701 1819 909 1878 ἐνδέχεται
936 1820 1006 1865 ἐπί
1033 1838 1175 1876 τινων,
1209 1819 1397 1882 ὕστερον
1416 1821 1682 1884 λεχθήσεται.

255 1882 283 1945 ἡ
313 1881 353 1928 δ’
381 1881 645 1946 ἀριθμητικὴ
679 1882 946 1940 οἷπόδειξις’
918 1887 983 1931 αεὶ
1006 1886 1086 1946 ε’χει
1113 1884 1164 1932 τὸ
1186 1887 1309 1947 γένος
1331 1889 1428 1947 περὶ
1457 1885 1482 1933 ὃ
1513 1887 1542 1950 ἡ
1568 1886 1683 1938 από-

254 1947 403 2005 δειξις,
447 1951 520 1994 και
561 1950 605 1994 αἳ
645 1947 772 1995 άλλαι
813 1949 986 2010 ὁμοιᾞως
1053 1949 1153 1997 ὥστ’
1181 1950 1213 2015 ἢ
1241 1951 1388 2010 ἁπλοῖς
1426 1951 1591 2015 ἀνάγκη
1632 1951 1682 2000 τὸ

255 2013 366 2060 αυτὸ
398 2011 502 2061 εἶναι
531 2015 654 2075 γένος
681 2013 709 2078 ἢ
738 2021 814 2075 πῇ,
848 2018 885 2062 εἰ
914 2017 1056 2075 μέλλει
1084 2015 1117 2080 ή
1150 2016 1369 2076 άπόδειξις
1403 2020 1681 2079 μεταβαίνειν.

203 2102 238 2128 10
254 2079 395 2137 αλλως
425 2079 463 2127 δ’
493 2079 558 2126 ὅτι
585 2079 818 2137 α’δύνατον,
853 2086 1010 2144 δῆλον·
1047 2084 1093 2130 ἐκ
1124 2083 1205 2145 γὰρ
1235 2090 1317 2131 τοῦ
1351 2084 1494 2131 αὐτοῦ
1525 2085 1682 2147 γένους

253 2146 418 2208 α’νάγκη
446 2145 498 2192 τὰ
531 2145 644 2206 ἄκρα
675 2150 748 2194 καὶ
778 2146 831 2194 τὰ
860 2149 970 2208 μέσα
995 2145 1112 2195 εἶναι.
1167 2152 1204 2197 εἰ
1223 2149 1305 2212 γὰρ
1334 2150 1394 2212 μὴ
1421 2149 1525 2197 καθ’
1553 2149 1681 2208 αὐτά,

251 2212 555 2275 συμβεβηκότα
585 2214 711 2259 εσται.
747 2213 820 2260 διά
840 2219 971 2261 τοῦτο
998 2219 1051 2275 τῇ
1080 2218 1310 2280 γεωμετρία
1334 2236 1418 2264 ουκ
1445 2218 1530 2263 ε’στι
1550 2215 1682 2271 δεῖξαι

1253 2281 1265 2299 2
1288 2263 1313 2298 ‘fl

253 2277 322 2325 ὅτι
349 2297 437 2325 των
464 2280 664 2326 ἐναντίων
687 2280 763 2340 μία
793 2281 1015 2344 ἐπιστήμη,
1051 2279 1144 2327 ἄλλ’
1167 2281 1250 2329 ουδ
1286 2302 1352 2329 οτι
1373 2284 1416 2329 οι
1444 2283 1530 2329 δύο
1551 2283 1681 2342 κύβοι

1371 2346 1393 2366 ἰ
1427 2347 1448 2364 ιν

250 2345 409 2405 κύβος·
455 2343 552 2391 οὐδ’
580 2344 689 2405 ἄλλῃ
702 2347 933 2426 ἐπιστήμῃ
965 2345 1015 2393 τὸ
1046 2347 1202 2407 ἑτέρας,
1237 2347 1329 2394 ἀλλ’
1363 2368 1391 2411 η
1423 2361 1506 2394 οσα
1537 2346 1680 2405 ου’τως

202 2430 234 2457 15
251 2411 332 2471 ε’χει
350 2409 461 2472 πρὸς
486 2409 652 2474 ἄλληλα
674 2409 775 2458 ὥστ’
803 2418 911 2459 εἰναι
935 2412 1125 2474 θάτερον
1156 2412 1249 2460 ὐπὸ
1270 2414 1470 2476 θάτερον,
1504 2411 1599 2461 οἷον
1625 2412 1678 2460 τά

340 2537 383 2567 25
419 2535 699 2580 συμπεράσματι
723 2538 770 2570 Μ.
796 2556 839 2563 -
873 2538 917 2570 26
949 2532 1076 2582 ἥρωι]
1108 2539 1352 2583 προειρημένα
1378 2541 1426 2573 Μ.
1450 2557 1494 2564 ·-
1529 2539 1571 2572 35
1600 2545 1679 2582 post

251 2577 346 2613 διότι
371 2580 491 2612 lacuna
499 2582 664 2635 plurium
688 2582 756 2614 vbb
774 2583 808 2622 s.
834 2601 874 2606 —
914 2581 1011 2615 διότι
1036 2580 1304 2623 ἐπιστήσασθαι
1329 2585 1369 2617 A.
1396 2604 1438 2609 —
1470 2584 1515 2617 38
1537 2551 1676 2626 γένους]

248 2624 376 2678 γένους
410 2625 460 2662 εἰς
493 2622 582 2659 ἄλλα
606 2627 645 2660 F.
671 2644 714 2650 -
746 2627 788 2658 39
820 2625 860 2660 τὸ
888 2638 941 2658 om
970 2627 1008 2658 F.
1031 2644 1076 2651 —
1107 2629 1151 2660 40
1183 2629 1236 2673 τιό
1268 2626 1543 2674 συμπεράσματι
1567 2628 1607 2660 F.
1634 2647 1676 2653 -

250 2670 289 2702 41
316 2666 424 2711 γένει]
450 2667 487 2702 ἐν
510 2682 543 2702 ιι.
568 2689 611 2695 -—
634 2671 678 2704 42
702 2683 743 2714 pr
765 2668 806 2704 τό
833 2682 887 2703 om
913 2672 985 2704 Mn.

316 2680 423 2745 ⁷75b1
463 2712 551 2747 καθ’
582 2713 680 2749 αυτοὶ
702 2683 769 2749 p0111
793 2716 826 2748 d.
859 2734 900 2741 —
936 2715 957 2748 7
989 2713 1058 2758 οἷεὶ]
1094 2711 1118 2749 ὁὶ
1151 2728 1193 2760 pr
1223 2717 1257 2750 d.
1287 2735 1328 2743 -
1364 2718 1383 2750 9
1406 2715 1527 2761 μέλλοι
1562 2717 1600 2750 Β.
1631 2734 1674 2741 -

252 2759 292 2791 13
318 2754 398 2792 ov’6’
421 2758 493 2790 fort
517 2770 556 2801 pr
581 2772 636 2792 om
659 2772 691 2794 n.
