1786 3068
277 233 332 270 60
788 234 1185 270 ΑΝΑΛΤΤΙΚΩΝ

277 331 324 376 δὲ
353 329 484 377 πάλιν
513 330 677 377 τούτου
705 329 812 377 ἄλλο
840 331 973 391 μέσον
998 326 1050 393 ᾗ,
1096 334 1141 380 ἐκ
1169 337 1257 380 τῶν
1278 335 1561 394 παραλοίπων
1581 335 1698 381 ἔσται
1763 369 1765 371 μ

276 395 427 457 λόγων.

227 477 261 504 1⁵
370 460 447 518 Ως
469 463 545 520 μεν
575 462 724 506 τοίνυν
751 460 1009 521 λαμβάνεται
1036 464 1086 511 τὸ
1114 466 1157 510 τί
1184 466 1272 511 ἐστι
1304 466 1377 511 καὶ
1403 466 1559 527 γίνεται
1585 467 1697 527 γνώ-

275 546 413 587 ριμον,
448 529 623 588 εἴρηται,
658 523 763 573 ὥστε
783 529 1075 590 συλλογισμὸς
1094 532 1169 590 μὲν
1184 535 1268 578 τοῦ
1286 533 1329 577 τί
1348 532 1460 578 ἐστιν
1472 530 1532 578 ου’
1542 533 1699 593 γίνεται

275 593 373 639 οὐδ’
396 591 629 648 ἀπόδειξις,
671 596 810 655 δῆλον
837 596 980 654 μέντοι
1001 595 1073 642 διὰ
1102 602 1402 659 συλλογισμοῦ
1418 599 1492 644 καὶ
1513 598 1568 645 δι’
1584 597 1697 644 ἄπο-

273 658 461 714 δειξεως·
497 655 715 704 02'6v’01'5v'
739 658 845 706 ἄνευ
879 660 1165 719 αποδείξεως’
1150 665 1235 710 ἔστι
1258 669 1418 726 γνῶναι
1435 663 1485 710 τὸ
1506 666 1549 710 τί
1567 665 1695 722 ἐστιν,

273 727 331 770 οὐ
350 726 462 770 ἐστιν
484 726 622 770 αἴτιον
644 723 764 782 α’λλο,
797 725 889 773 οὔτ’
907 729 1019 775 ἔστιν
1040 728 1257 788 οἷπόδειξις
1275 730 1430 788 αὐτοῦ,
1465 728 1607 791 ὥσπερ
1625 732 1698 777 καὶ

222 807 257 834 20
274 792 317 837 ἐν
333 796 426 846 τοῖς
444 790 784 875 διαπορήμασιν
787 795 968 853 εἴπομεν.

223 858 255 901 9
360 855 485 903 Ἔστι
505 858 550 903 δὲ
567 875 656 903 των
674 877 750 918 μεν
766 859 912 919 ἕτερόν
929 880 969 907 τι
988 863 1139 919 αἴτιον,
1159 866 1244 908 τῶν
1264 861 1302 909 6'
1321 881 1406 909 ουκ
1426 863 1549 909 ἔστιν.
1588 861 1697 909 ὥστε

271 926 407 986 δῆλον
440 921 506 969 ὅτι
538 925 612 969 καὶ
645 929 729 971 τῶν
760 926 802 971 τί
833 927 917 973 ἐστι
951 926 1003 973 τὰ
1037 929 1114 986 μὲν
1146 926 1283 988 αμεσα
1316 931 1389 974 καὶ
1425 927 1552 989 αρχαί
1576 931 1696 986 εἰσιν,

271 987 299 1035 ἃ
331 990 404 1035 καὶ
438 987 546 1036 εἶναι
578 992 652 1036 καὶ
683 992 726 1037 τί
757 992 869 1039 ἐστιν
901 991 1159 1040 ὑποθέσθαι
1201 998 1268 1041 δεῖ
1304 992 1337 1057 ἢ
1370 993 1503 1041 ἄλλον
1536 995 1698 1053 τρόπον

270 1054 437 1116 φανεροὶ
471 1061 668 1119 ποιῆσαι.
737 1055 843 1119 ὅπερ
887 1057 913 1105 6
948 1058 1233 1122 αριθμητικὸς
1265 1066 1397 1107 ποιεῖ·
1440 1063 1512 1107 καὶ
1545 1080 1625 1123 γαρ
1657 1062 1700 1107 τί

220 1137 255 1166 2⁵
271 1123 358 1169 ἐστι
385 1141 467 1185 την
495 1122 662 1182 μοναδα
687 1123 967 1182 ὑποτίθεται,
1014 1128 1087 1172 καὶ
1116 1125 1183 1173 ὅτι
1212 1128 1335 1174 ἕ.στιν
1390 1131 1478 1174 τοῖν
1508 1126 1546 1174 δ’
1573 1126 1696 1188 ἐχόν-

268 1207 354 1236 των
373 1190 517 1248 μέσον,
551 1191 624 1235 καὶ
645 1191 705 1236 ὠν
724 1191 814 1237 ἐστί
830 1209 870 1237 τι
898 1193 1041 1251 ἕτερον
1072 1194 1209 1240 αιτιον
1235 1197 1312 1256 τῆς
1341 1192 1510 1250 οὐσίας,
1545 1194 1643 1254 ἔστι
1649 1191 1697 1240 '6'

270 1254 539 1313 αποδείξεως,
574 1254 717 1317 ὥσπερ
743 1258 935 1318 εἴπομεν,
970 1261 1177 1321 δηλωσαι,
1212 1258 1272 1322 μή
1304 1257 1353 1306 τὸ
1379 1278 1427 1316 τι
1412 1261 1587 1318 'imas
1582 1257 1694 1306 απο-

268 1321 529 1379 δεικνύντας.
1318 1352 1350 1373 ρ
1358 1348 1416 1371 a
1459 1319 1554 1382 (³6
1581 1330 1649 1368 <>ι

187 1391 252 1434 10
353 1386 587 1472 OQt64ae<l6g
599 1386 638 1434 δ’
665 1387 809 1451 ἐπειδὴ
839 1389 1001 1450 λέγεται
1021 1386 1128 1436 εἶναι
1155 1389 1287 1452 λόγος
1307 1394 1392 1437 τοῦ
1408 1392 1450 1437 τί
1469 1391 1571 1448 ἐστι,
1605 1409 1695 1451 φα-

218 1472 253 1499 30
268 1453 394 1514 νερὸν
414 1453 482 1501 ὅτι
502 1453 526 1501 6
537 1455 612 1515 μέν
628 1472 692 1511 τις
710 1455 825 1501 ἔσται
842 1455 972 1528 λόγος
989 1461 1073 1502 τοῦ
1095 1458 1137 1502 τί
1152 1458 1349 1519 σημαίνει
1361 1455 1411 1503 τὸ
1424 1456 1574 1525 ὄνομα
1578 1455 1695 1520 ἢλό-

266 1539 342 1582 γος
371 1522 512 1581 ε’τερος
544 1520 836 1584 όνοματωδης,
871 1528 965 1569 οἱον
982 1521 1032 1568 τὸ
1050 1524 1092 1568 τί
1111 1525 1308 1585 σημαίνει
1333 1525 1376 1570 τί
1403 1525 1516 1570 ἐστιν
1544 1525 1573 1585 ᾑ
1603 1525 1694 1582 τρί-

265 1606 416 1649 γωνον.
471 1586 579 1647 ὅπερ
602 1588 763 1647 ἔχοντες
786 1586 852 1634 ὅτι
869 1589 968 1645 ἐστι,
1003 1592 1215 1651 ζητοῦμεν
1235 1588 1306 1636 δια
1324 1592 1367 1636 τί
1387 1591 1510 1636 ἐστιν.
1567 1594 1693 1650 χαλε-

266 1652 353 1700 πὸν
381 1653 420 1700 δ’
440 1652 593 1710 οὕτως
625 1654 711 1700 ἐστὶ
739 1657 884 1714 λαβεῖν
906 1652 933 1700 ἃ
954 1653 1013 1739 μὴ
1043 1657 1163 1715 ι’σμεν
1191 1654 1256 1703 ὅτι
1286 1657 1409 1703 εστιν.
1462 1654 1492 1719 ἡ
1521 1654 1559 1702 δ’
1583 1657 1696 1702 αἰτία

267 1722 429 1782 εἴρηται
460 1719 674 1803 πρότερον
706 1725 783 1782 τῆς
804 1721 1107 1784 χαλεπότητος,
1142 1719 1208 1768 ὅτι
1241 1721 1340 1769 οὐδ’
1372 1723 1410 1768 εἰ
1438 1723 1549 1769 ε’στιν
1578 1720 1611 1785 ἢ
1632 1720 1692 1785 μή

217 1789 412 1847 Βειῖῖμεν,
454 1785 549 1832 αλλ’
579 1784 611 1848 ἢ
637 1804 744 1832 κατα
777 1788 1061 1849 συμβεβηκός.
1122 1788 1251 1850 λόγος
1283 1787 1322 1835 δ’
1347 1786 1407 1845 εις
1437 1789 1522 1834 ἐστὶ
1549 1793 1693 1849 διχως,

267 1852 293 1900 6
316 1872 393 1913 μεν
419 1853 671 1935 συνδέσμῳ,
708 1850 852 1912 ὥσπερ
876 1852 905 1914 ἡ
921 1853 1068 1911 Ἰλιάς,
1116 1853 1143 1900 6
1161 1856 1207 1901 δε
1228 1859 1288 1920 τῷ
1305 1855 1353 1901 ὲν
1374 1853 1477 1901 καθ’
1495 1853 1591 1912 ἑνὸς
1610 1858 1692 1917 δη-

266 1923 380 1966 λοῦν
401 1918 459 1982 μὴ
486 1938 595 1965 κατα
617 1919 902 1982 συμβεβηκός.

366 1983 448 2042 Εἷς
465 2004 541 2046 μεν
558 1983 614 2047 δὴ
637 1983 739 2046 ὅρος
759 1983 919 2032 ἐστὶν
893 2004 1004 2046 ορου
1023 1985 1048 2032 6
1073 1986 1320 2049 εἰρημένος,
1361 1984 1492 2043 α’λλος
1522 1985 1561 2033 δ’
1582 1987 1694 2033 ἐστὶν

269 2051 372 2112 ὅρος
389 2052 519 2113 λόγος
540 2051 565 2097 ὁ
588 2056 732 2114 δηλῶν
752 2051 822 2098 διὰ
841 2072 881 2099 τι
873 2054 1012 2099 ἐστιν
1048 2050 1154 2099 ὥστε
1177 2051 1202 2099 6
1219 2071 1296 2113 μεν
1312 2053 1519 2113 πρότερος
1535 2054 1693 2115 σημαί-

156 2144 191 2176 p.
207 2129 252 2164 94
268 2138 332 2165 νει
352 2120 453 2178 μέν,
488 2120 683 2165 δείκνυσι
703 2117 741 2164 δ’
760 2137 832 2176 ου,
867 2117 892 2165 6
910 2117 949 2165 δ’
965 2117 1148 2178 ὕστερος
1168 2118 1360 2180 φανερὸν
1382 2117 1447 2166 ὅτι
1465 2120 1580 2165 ἔσται
1601 2116 1694 2166 οἷον

268 2184 486 2242 ἅπόδειξις
512 2189 599 2231 τοῦ
626 2186 669 2231 τί
695 2186 804 2243 ἐστι,
853 2190 906 2246 τῇ
934 2186 1056 2232 θέσει
1079 2187 1299 2248 διαφέρων
1325 2190 1402 2249 τῆς
1425 2183 1691 2242 ἀποδείξεως.

359 2354 398 2386 13
424 2352 480 2396 ειή
505 2352 701 2385 ABDduM.
728 2370 768 2376 -—
796 2352 836 2385 18
859 2348 942 2386 ‹Em-³
954 2378 961 2385 .
972 2349 1119 2404 ...οἷποᾶ
1143 2366 1180 2386 rc
1205 2365 1259 2396 mg
1281 2365 1315 2385 n.
1338 2371 1384 2376 —
1411 2353 1450 2385 19
1475 2364 1518 2386 ου
1540 2351 1636 2385 ἐστιν
1656 2364 1693 2384 rc

267 2409 368 2441 supra
392 2410 429 2430 vs
452 2409 486 2430 n.
512 2417 552 2422 —-
578 2394 662 2430 αλλο
689 2409 766 2429 corr
791 2408 807 2428 c
831 2397 888 2429 ubi
904 2397 1084 2450 pauciora.
1108 2418 1152 2423 —
1177 2400 1218 2431 21
1243 2398 1332 2438 των]
1354 2394 1418 2430 τὸν
1435 2409 1475 2439 pr
1495 2409 1527 2429 η.
1553 2415 1597 2421 -
1619 2409 1694 2430 των

265 2454 303 2474 rc
327 2454 429 2485 supra
454 2455 490 2475 vs
513 2453 548 2474 π.
572 2461 615 2468 -
640 2454 706 2475 ουκ
730 2440 839 2486 ἔστιν]
867 2454 910 2475 ου
937 2443 979 2474 D.
1006 2460 1048 2466 —
1072 2444 1114 2475 23
1139 2441 1234 2476 ἐστιν
1258 2454 1336 2475 corr
1356 2453 1382 2473 c.
1406 2460 1450 2466 ——
1474 2437 1561 2475 δεῖ
1545 2438 1569 2482 η1
1587 2437 1693 2475 αλλον

267 2499 344 2519 corr
367 2499 400 2519 π.
424 2506 469 2512 —-
491 2486 607 2520 τόπον
631 2488 673 2527 A,
697 2498 738 2529 pr
762 2487 802 2519 B.
826 2505 871 2511 —
894 2487 936 2519 926
960 2484 1076 2530 μέσων
1101 2488 1182 2520 AM.
1208 2506 1249 2511 —·
1274 2485 1400 2525 ουσίας
1422 2487 1484 2520 καὶ
1507 2486 1575 2520 τοῦ
1600 2483 1693 2519 εἶναι

267 2531 340 2566 ε’στι
364 2544 399 2565 π.
421 2551 468 2557 —
498 2529 560 2575 δι’]
585 2529 616 2566 δ’
642 2498 718 2564 M.p
714 2549 754 2555 -—
791 2532 835 2564 27
861 2499 984 2576 ω’σπερ
1002 2532 1062 2566 καὶ
1088 2531 1237 2588 είπομεΙν
1263 2533 1303 2565 D.
1334 2549 1378 2555 -
1390 2532 1454 2566 29
1479 2530 1557 2565 ἐπεὶ
1584 2532 1623 2564 D.
1648 2550 1693 2557 —

266 2578 306 2610 31
333 2589 460 2621 ετερος
484 2589 563 2610 corr
586 2589 618 2609 η.
644 2595 684 2600 -
709 2573 749 2609 τὸ
776 2588 830 2608 om
858 2578 921 2609 Dn·
947 2594 992 2601 —
1017 2578 1053 2610 τί
1076 2574 1209 2610 εἶναι
1192 2574 1217 2618 η’
1242 2577 1290 2609 Μ.
1318 2595 1362 2601 -—
1385 2569 1410 2622 ᾗ
1434 2589 1489 2608 om
1509 2576 1596 2619 Βάπ,
1620 2576 1693 2608 fort

267 2622 359 2654 Ricc.
371 2642 416 2647 —
432 2623 483 2676 t32
506 2629 584 2666 post
608 2620 680 2655 ἐστι
704 2621 745 2653 lit
760 2632 788 2662 c,
812 2621 869 2653 ubi
895 2620 956 2655 καὶ
979 2621 1137 2654 habuisse
1163 2623 1298 2655 videtur
1320 2633 1354 2654 u.
1372 2640 1413 2645 --
1437 2620 1592 2665 χαλεπὸς
1609 2622 1690 2654 ΑΜ

267 2685 311 2690 -
336 2668 378 2699 33
403 2661 509 2706 οὗτος
532 2667 640 2707 AMd,
665 2678 706 2709 px·
730 2677 755 2698 c.
780 2684 825 2691 —
850 2664 956 2709 ἔστιν]
983 2663 1075 2701 εἶναι
1092 2668 1138 2700 Μ.
1150 2685 1194 2692 —
1217 2662 1305 2710 34ἦ
1331 2678 1408 2698 corr
1431 2679 1465 2699 η.
1477 2685 1516 2692 -
1542 2668 1584 2699 35
1602 2661 1692 2699 ἀλλὰ

266 2723 362 2744 κατα
383 2712 425 2744 Β.
449 2731 493 2736 -
517 2713 560 2745 36
583 2710 790 2753 συνδεσμῶν
816 2712 857 2745 D.
882 2730 926 2735 -—
954 2708 996 2746 τὸ
1021 2712 1195 2755 ARdufD.
1228 2732 1268 2738 —
1283 2680 1413 2756 ηδηλῶν
1437 2713 1527 2755 Dsu,
1559 2723 1636 2744 corr
1657 2722 1690 2743 n.

268 2774 310 2782 —
334 2755 377 2789 38
400 2755 661 2812 προειρημένος
679 2757 746 2790 Du.

356 2798 444 2834 94³2
422 2800 645 2846 2διαφέρον
666 2814 707 2845 pr
729 2812 762 2834 π.

1776 1913 1786 2070 ,ηυντ-κοιῄπίμ,
1781 1894 1783 1899 -
1785 1850 1786 1853 Α
1779 1806 1786 1822 ηε
