1786 3068
295 205 348 244 32
494 212 497 214 “
821 205 1207 238 ΑΝΑΛῬΤῙΚΩΝ

296 301 326 365 ἢ
346 303 494 361 τρίτου
506 334 518 355 ‚
555 298 621 345 ὅτι
638 299 711 344 καὶ
731 296 848 344 οὕτω
869 298 1089 360 στήσεται·
1122 298 1435 359 πεπερασμέναι
1454 298 1534 379 γάρ
1553 299 1659 345 εἰσιν
1678 299 1722 344 αἱ

296 368 414 423 ὁδοί,
479 363 530 411 τὰ
567 366 612 410 δὲ
654 364 950 423 πεπερασμένα
988 366 1353 426 πεπερασμενάκις
1389 362 1554 426 ανάγκη
1591 379 1720 410 πεπε-

297 433 457 492 ράνθαι
479 429 628 476 πάντα.

386 496 482 541 ‘'Ou
523 496 599 553 μὲν
642 485 726 538 οὖν
759 493 826 539 ἐπὶ
858 497 936 555 τῆς
969 493 1227 556 στερήσεως,
1273 495 1389 554 εἴπερ
1433 494 1506 538 καὶ
1541 493 1608 539 ἐπὶ
1639 497 1723 539 τοῦ

240 583 281 610 85
298 561 528 620 ὑπάρχειν,
563 561 748 614 ἵσταται,
784 561 931 620 δηλον.
990 558 1055 605 ὅτι
1081 558 1118 605 6³
1139 558 1201 605 ἐπ’
1221 560 1413 615 ἐκείνων,
1445 562 1656 619 λογικῶς
1647 560 1723 605 ιιὲν

297 629 547 684 θεωρουσιν
566 625 651 668 ωδε
663 623 877 689 φανερόν.

216 696 278 739 22
392 690 486 734 Ἐπὶ
516 690 592 747 μὲν
621 706 707 734 ουν
734 693 818 735 τῶν
840 690 883 735 ἐν
905 693 967 753 τῷ
988 690 1029 734 τί
1049 690 1137 735 ἐστι
1147 689 1544 772 κατηγορουμένων
1566 693 1721 749 δῆλον·

296 757 333 800 εἰ
361 754 443 814 γὰρ
472 754 582 799 ἔστιν
612 752 851 813 ὁρίσασθαι
881 753 909 818 ἢ
935 756 972 800 εἰ
993 753 1188 815 γνωστὸν
1212 754 1263 800 τὸ
1291 756 1333 799 τί
1351 755 1407 814 ἠν
1433 773 1494 800 ειι
1496 774 1559 809 αι,
1606 754 1657 800 τὰ
1684 754 1723 802 δ’

295 818 449 879 α’πειρα
479 818 539 881 μή
573 819 658 864 ἔστι
681 823 892 877 διελθεῖν,
944 819 1109 882 ἀνάγκη
1141 819 1409 877 πεπεράνθαι
1444 819 1495 865 τὰ
1526 821 1570 866 ἐν
1595 825 1655 882 τῷ
1682 821 1725 866 τί

184 897 278 940 1».ssss
295 885 381 930 ἐστι
401 884 769 947 κατηγορούμενα.
821 885 1026 931 καθολου
1045 887 1091 931 δε
1111 889 1192 931 ώδε
1212 886 1399 944 λέγομεν.
1448 886 1536 931 ε’στι
1556 905 1638 946 γαρ
1662 887 1720 931 εἰ-

292 955 387 996 πεῖν
421 950 601 1012 ἀληθῶς
628 949 678 996 τὸ
706 949 870 997 λευκὸν
897 952 1084 1010 βαδίζειν
1112 952 1184 996 καὶ
1213 948 1263 995 τὸ
1294 952 1399 1011 μέγα
1429 951 1565 996 ἐκεῖνο
1586 950 1722 1005 ξύλον

293 1012 400 1062 εἶναι
413 1053 424 1074 ,
459 1017 531 1062 καὶ
559 1015 688 1062 πάλιν
709 1015 758 1062 τὸ
784 1015 919 1071 ξύλον
938 1017 1043 1097 μέγα
1063 1021 1169 1062 εἰναι
1190 1017 1264 1060 καὶ
1282 1034 1359 1061 τον
1377 1014 1615 1075 ἄνθρωπον
1641 1021 1722 1076 βα·-

292 1083 436 1138 δι’.ζειν
480 1083 623 1162 ἕτερον
646 1081 701 1142 δή
722 1083 809 1127 ἐστι
836 1081 885 1127 τὸ
907 1080 1049 1137 οὕτως
1069 1083 1200 1127 εἰπεῖν
1222 1082 1293 1126 καὶ
1312 1080 1364 1126 τὸ
1378 1082 1567 1138 ἐκείνως.
1616 1079 1722 1128 ὅταν

258 1164 368 1205 5μεν
401 1165 481 1207 γαρ
514 1145 565 1191 τὸ
597 1145 757 1192 λευκὸν
789 1165 850 1192 ειι
853 1166 896 1192 αι
929 1151 1001 1207 φῶ
1034 1145 1179 1200 ξύλον
1211 1146 1304 1191 τότε
1339 1145 1486 1207 λεγω
1469 1145 1533 1192 ότι
1554 1141 1590 1211 ᾦ
1607 1160 1721 1207 συμ-

290 1213 441 1274 βέβηκε
475 1216 619 1276 λευκῷ
653 1217 759 1257 εἰναι
793 1210 928 1266 ξύλον
958 1213 1084 1266 ἐστίν,
1120 1210 1213 1256 ἄλλ’
1235 1211 1318 1271 ούχ
1339 1231 1396 1267 ως
1415 1211 1465 1258 τὸ
1489 1194 1720 1272 ὑποκείμε-

291 1296 369 1324 νον
379 1296 437 1342 τῳ
421 1275 568 1342 ξύλω
588 1259 638 1322 τὸ
654 1277 813 1324 λευκόν
831 1279 936 1324 ἐστι’
959 1296 1032 1323 και
1041 1295 1122 1338 γαο
1145 1275 1244 1323 οὔτε
1257 1275 1450 1323 λευκὸν
1431 1296 1484 1324 ον
1495 1276 1599 1324 οὔθ’
1614 1276 1720 1338 ὅπερ

290 1325 454 1390 λευκίίν
475 1361 515 1389 τι
537 1343 696 1403 ἐγένετο
720 1342 867 1398 ξύλον,
903 1340 1004 1388 ὥστ’
1023 1341 1108 1388 οὐκ
1133 1344 1244 1389 ε’στιν
1268 1341 1360 1388 αλλ’
1380 1340 1412 1405 ἢ
1430 1362 1536 1388 κατα
1559 1348 1719 1403 συμβε-

290 1408 441 1471 βηκός.
497 1406 600 1454 ὅταν
624 1411 671 1455 δε
701 1407 750 1454 τὸ
782 1408 917 1463 ξύλον
933 1407 1094 1455 λευκὸν
1123 1406 1230 1454 εἶναι
1256 1413 1354 1468 φοῒ,
1389 1407 1518 1469 ούχ”’
1493 1428 1557 1455 οτι
1577 1409 1721 1469 ε’τερόν

241 1492 275 1519 10
290 1476 332 1521 τί
352 1475 438 1523 ἐστι
455 1474 635 1532 λευκόν,
670 1475 814 1538 ἐκείνῳ
842 1476 887 1520 δε
908 1475 1149 1537 συμβέβηκε
1181 1473 1298 1529 ξύλω
1325 1493 1355 1520 ει
1361 1493 1430 1520 ναι
1445 1509 1456 1530 ,
1500 1472 1593 1520 οἷον
1617 1473 1720 1521 όταν

290 1538 367 1586 τὸν
398 1538 612 1599 μουσικὸν
639 1521 800 1586 λευκὸν
826 1537 932 1586 εἶναι
956 1545 1054 1600 φῶ·
1099 1539 1195 1586 τότε
1228 1520 1359 1600 7169
1340 1539 1406 1586 ότι
1440 1539 1465 1586 ὁ
1487 1539 1720 1599 ἄνθρωπος

287 1605 446 1661 λευκός
477 1606 643 1661 ἐστιν,
654 1599 691 1686 93
729 1607 997 1668 συμβέβηκεν
1029 1602 1135 1652 εἶναι
1175 1610 1398 1670 μουσικῷ,
1441 1607 1568 1666 λέγω·
1610 1605 1720 1652 αλλα

287 1670 337 1717 τὸ
361 1669 494 1725 ξύλον
514 1672 601 1716 ἐστὶ
619 1669 668 1716 τὸ
688 1669 997 1730 ὑποκείμενον,
1035 1669 1141 1729 ὅπερ
1164 1673 1234 1717 καὶ
1253 1672 1434 1732 ἐγένετο,
1469 1670 1553 1731 οὐχ
1573 1671 1720 1732 ε’τερόν

288 1756 328 1782 τι
351 1734 402 1782 ὂν
422 1734 454 1797 ἢ
473 1734 578 1793 ὅπερ
600 1735 776 1789 ξύλον
755 1736 785 1797 η’
805 1736 940 1790 ξύλον
956 1739 1007 1781 τί.
1053 1738 1090 1780 εἰ
1112 1736 1167 1797 δη
1194 1740 1260 1783 δεῖ
1275 1742 1579 1816 νομοθετῆσαι,
1615 1739 1720 1784 εστω

240 1820 274 1847 15
288 1801 338 1848 τὸ
377 1799 491 1847 οὕτω
528 1801 664 1861 λέγειν
698 1807 975 1862 κατηγορεῖν,
1027 1798 1076 1846 τὸ
1113 1800 1151 1845 6'
1190 1801 1357 1858 ἐκείνως
1385 1820 1483 1863 ητοι
1513 1806 1721 1864 μηδαμῶς

288 1872 563 1929 κατηγορεῖν,
597 1864 628 1928 ἢ
669 1873 922 1928 κατηγορεῖν
954 1884 1031 1926 μεν
1063 1864 1123 1948 μή
1159 1865 1326 1923 απλῶς,
1360 1865 1468 1912 κατὰ
1502 1873 1719 1951 συμβεβη-

289 1933 369 1989 κὸς
392 1934 438 1978 δε
462 1938 728 1994 κατηγορεῖν.
783 1934 869 1978 ἐστι
890 1932 929 1978 δ’
948 1931 1006 2001 ὣς
1033 1950 1109 1991 μεν
1127 1930 1177 1977 τὸ
1198 1931 1356 1979 λευκὸν
1377 1931 1426 1978 τὸ
1447 1934 1719 1995 κατηγορού-

288 2017 443 2059 μενον,
487 2017 548 2054 ως
569 1999 615 2043 δὲ
640 1996 690 2044 τὸ
715 1996 850 2053 ξύλον
867 1996 917 2044 τὸ
940 2017 998 2044 ου
1027 2004 1334 2059 κατηγορεῖται.
1383 1997 1639 2045 ὑποκείσθω
1664 1999 1719 2063 δὴ

288 2064 340 2111 τὸ
382 2063 759 2126 κατηγορούμενον
798 2068 1134 2126 κατηγορεῖσθαι
1173 2063 1259 2119 οῗεί,
1312 2058 1371 2110 οὗ
1413 2071 1718 2126 κατηγορεῖται,

236 2149 272 2176 20
290 2129 460 2186 ἁπλῶς,
506 2128 615 2175 αλλα
646 2128 706 2192 μὴ
739 2149 847 2176 κατα
879 2129 1173 2191 συμβεβηκός·
1217 2127 1334 2175 ούτω
1363 2148 1445 2190 γαρ
1479 2132 1522 2176 αὶ
1543 2130 1719 2177 sinodal-

288 2196 371 2253 ξεις
385 2194 766 2242 ἀποδεικνύουσιν.
802 2194 911 2242 ὥστε
931 2194 960 2258 ἢ
982 2197 1025 2242 ἐν
1045 2201 1114 2276 ²:93
1122 2196 1164 2241 τί
1183 2195 1295 2241 ἐστιν
1313 2193 1345 2258 ἢ
1365 2193 1430 2241 ὅτι
1438 2195 1619 2277 ποιὸνῆ
1636 2212 1719 2243 πο-

288 2261 369 2308 σὸν
388 2260 417 2325 ἢ
436 2261 549 2321 πρός
567 2280 606 2307 τι
627 2259 660 2323 ἢ
679 2266 842 2309 ποιουν
859 2261 889 2323 ἢ
908 2262 1076 2322 πάσχον
1094 2259 1123 2323 ἢ
1141 2266 1232 2308 ποῦ
1251 2259 1281 2324 ἢ
1298 2262 1414 2319 ποτέ,
1435 2280 1536 2309 οταν
1549 2263 1597 2309 ὲν
1616 2262 1719 2310 καθ’

288 2327 387 2385 ἑνὸς
409 2331 703 2390 κατηγορηθῇ.

378 2475 420 2506 32
445 2472 722 2529 πεπερασμένους
746 2485 781 2505 rc
806 2484 839 2505 η.
865 2490 908 2496 —
932 2473 975 2505 33
999 2469 1147 2506 ἅπαντα
1172 2473 1261 2516 an.
1285 2490 1330 2498 -
1359 2474 1401 2506 37
1426 2485 1492 2507 ουν
1515 2485 1569 2505 om
1592 2485 1650 2517 np
1678 2492 1716 2498 —·

288 2518 361 2551 τῶν
390 2530 443 2549 om
464 2519 502 2551 D.
531 2537 572 2542 -
599 2519 642 2552 38
667 2514 690 2560 ᾖ
713 2529 750 2549 rc
773 2529 874 2560 supra
899 2529 935 2547 vs
959 2528 992 2548 n.

377 2562 460 2595 83a1
489 2557 560 2597 ὦδε
585 2574 639 2595 om
663 2573 694 2595 n.
723 2581 762 2586 -—
803 2564 840 2594 10
864 2559 973 2601 ξύλον
999 2561 1046 2593 Μ.
1071 2578 1114 2586 —-
1149 2561 1186 2592 11
1214 2558 1255 2594 τὸ
1282 2561 1369 2600 Bdn,
1396 2574 1434 2603 pr
1455 2572 1490 2604 Ρ.
1516 2580 1558 2586 --
1589 2560 1719 2595 λευκὸν

290 2619 343 2638 om
371 2608 412 2638 A
438 2625 476 2631 —-
514 2605 534 2641 ὁ
561 2619 616 2639 om
640 2619 673 2639 ιι.
700 2626 736 2631 -
778 2607 818 2639 13
843 2605 882 2638 τὰ
907 2603 1148 2646 νποκείμενόν
1173 2603 1269 2638 ἐστιν
1296 2606 1336 2637 D.
1361 2624 1405 2631 —
1438 2605 1572 2660 ἐγίνετο
1594 2617 1650 2649 ιιΡ.
1673 2625 1717 2630 -

293 2652 333 2684 14
357 2647 448 2695 ἤπερ
474 2650 580 2692 ξύλον
601 2664 634 2684 η.
660 2669 704 2676 -
728 2651 785 2685 δεῖ
807 2646 867 2704 δὴ
866 2662 909 2704 ιι,
934 2648 974 2682 δὲ
997 2651 1053 2683 δεῖ
1080 2650 1130 2689 M,
1154 2647 1193 2682 δὲ
1214 2661 1251 2692 Ρ,
1277 2661 1316 2692 pr
1340 2662 1373 2682 n.
1390 2669 1434 2675 —
1458 2663 1510 2695 γρ.
1537 2647 1717 2693 ὀνοματο-

288 2696 445 2737 θετῆσαι
454 2697 526 2750 Dp.
541 2715 581 2722 —-
610 2697 650 2729 15
673 2692 714 2729 τὸ
739 2693 805 2738 μὲν
829 2691 925 2728 ου’τω
948 2705 1009 2747 πΡ.
1023 2712 1066 2719 —
1096 2694 1134 2726 17
1157 2691 1244 2727 ἔστω
1270 2706 1348 2727 corr
1369 2706 1401 2727 η.
1417 2715 1456 2721 -
1485 2695 1526 2728 18
1538 2694 1577 2730 δὲ
1594 2706 1649 2728 om
1668 2695 1715 2729 M.

360 2740 399 2773 19
424 2735 468 2774 οὗ
493 2752 528 2773 rc
553 2753 654 2784 supra
678 2753 713 2773 vs
738 2752 771 2773 n.
796 2759 836 2765 —
860 2740 899 2773 21
929 2751 969 2782 pr
992 2734 1017 2782 ἢ
1042 2749 1119 2771 corr
1143 2739 1184 2771 B.
