1878 3060
312 234 392 272 388
768 234 1019 280 Analytica
1049 236 1312 279 posteriora.

366 332 491 370 verba
518 334 647 371 τοῦτο
677 330 714 370 δ’
743 331 979 382 ἀναγκαῖον
1005 345 1139 383 neque
1166 334 1309 372 Boeth.
1337 333 1435 384 legit
1452 346 1586 384 neque
1605 338 1683 373 vet.
1701 336 1798 386 intp-

366 393 434 431 lat.
490 395 648 432 Eadem
689 395 838 432 desunt
875 395 915 432 in
942 395 1125 445 pluribus
1153 396 1245 434 edd.
1282 395 1437 444 ¹Verba
1466 395 1501 435 εἰ
1527 395 1707 437 ἅπαν...
1736 395 1799 437 ἐλ-

365 456 494 494 λείπει
522 457 656 493 omisit
682 461 762 494 vet.
790 457 903 508 intp„
931 458 1104 495 servavit
1130 458 1274 496 Boeth.
1330 459 1443 497 Haec
1472 461 1616 498 abesse
1645 461 1800 499 debere

368 521 473 556 bene
508 519 695 556 viderunt
722 520 834 570 sylb.
872 524 914 558 et
942 521 1114 558 Casaub.
1144 521 1210 571 qui
1254 522 1407 559 uncinis
1438 535 1485 560 ea
1513 523 1800 560 circumdede-

366 585 480 619 runt:
510 593 599 618 nam
627 581 661 617 si
690 590 917 631 servantur,
945 583 1185 621 vertendum
1215 584 1295 621 erit
1321 585 1428 631 „hoc
1454 589 1587 623 autem
1608 598 1800 623 necessa-

367 644 427 680 rio
458 643 615 690 evenit,
661 645 693 681 si
725 648 766 682 et
801 646 928 683 omnis
957 646 1115 695 species
1144 659 1261 696 qnam
1289 647 1499 694 sumsimus
1526 660 1670 686 revera
1698 660 1800 697 per-

368 707 469 743 tinet
505 706 557 743 ad
594 706 828 744 divisionem
868 721 988 757 quam
1030 707 1198 746 fecimus
1238 722 1370 759 neque
1407 710 1487 747 ulla
1517 710 1802 760 praetermissa

370 767 472 806 est”.
533 769 616 805 Sed
656 781 777 818 quum
812 770 850 807 in
886 770 934 807 iis
971 783 1074 820 quae
1109 776 1427 821 praecesserunt
1463 772 1563 810 nihil
1599 773 1710 810 aliud
1750 773 1804 810 sit

366 831 442 868 nisi
469 829 516 869 τὸ
544 828 676 881 μηδὲν
700 831 994 882 παραλείπειν,
1032 833 1084 871 ad
1114 834 1223 883 quod
1250 847 1471 884 pronomen
1499 837 1626 874 τοῦτο
1655 834 1805 872 referri

366 895 519 943 possit,
556 894 658 932 haec
687 895 861 933 delenda
890 908 983 933 esse
1012 899 1203 945 apparet:
1243 910 1335 934 nam
1363 898 1583 935 absurdum
1611 901 1741 945 esset,
1770 897 1804 935 si

366 957 608 995 Aristoteles
647 957 806 996 diceret
842 957 1077 1008 ἀναγκαῖον
1116 955 1161 996 δὲ
1199 958 1332 1008 μηδὲν
1366 959 1661 1009 παραλείπειν,
1701 959 1804 998 εἰ...

366 1017 499 1070 μηδὲν
528 1016 710 1058 ἐλλείπει.
762 1020 896 1057 Etiam
926 1022 959 1058 si
989 1024 1124 1058 autem
1153 1022 1402 1059 concedatur
1428 1035 1650 1072 pronomen
1675 1026 1804 1063 τοῦτο

367 1083 578 1120 commode
607 1082 755 1119 referri
783 1096 904 1133 posse
932 1083 982 1120 ad
1010 1081 1058 1121 τὸ
1086 1082 1318 1133 λαμβάνειν
1346 1083 1392 1123 ἐν
1418 1089 1474 1136 τῷ
1501 1084 1541 1124 τί
1563 1082 1648 1125 ἐστι
1669 1085 1806 1126 πάντα

368 1145 432 1182 vel
461 1146 509 1181 ad
538 1143 585 1183 τὸ
614 1147 752 1184 ποιεῖν
778 1144 825 1184 τὸ
855 1143 1002 1197 ἐφεξῆς
1029 1149 1081 1196 τῇ
1113 1145 1310 1196 διαιρέσει
1338 1146 1486 1198 (quod,
1524 1162 1644 1198 quum
1670 1150 1804 1187 inter-

366 1207 542 1256 positum
571 1208 623 1245 sit
659 1207 707 1247 τὸ
743 1207 874 1260 μηδὲν
909 1208 1195 1258 παραλείπειν,
1236 1210 1325 1247 dari
1351 1211 1414 1247 vix
1441 1211 1634 1261 poterit),
1672 1215 1807 1250 tamen

368 1269 537 1306 alterum
574 1273 700 1309 τοῦτο
740 1269 816 1321 (vs.
841 1270 910 1320 32)
950 1284 1030 1309 non
1072 1272 1222 1308 referri
1257 1284 1336 1309 non
1365 1274 1516 1322 poterit
1543 1274 1594 1311 ad
1625 1287 1672 1312 ea
1702 1288 1806 1324 quae

365 1333 547 1381 proxime
573 1335 840 1372 antecedunt:
882 1334 1040 1372 diceret
1076 1334 1471 1385 igitur‘Aristoteles
1506 1334 1740 1386 α’ναγκαῖον
1767 1337 1806 1376 δ’

352 1389 452 1433 ἐστὶ
477 1394 524 1434 τὸ
553 1394 667 1434 ἅπαν
696 1395 751 1442 εἰς
778 1395 856 1447 τὴν
882 1395 1085 1446 διαίρεσιν
1113 1395 1327 1446 ἐμπίπτειν
1346 1394 1416 1436 καὶ
1432 1396 1565 1448 μηδὲν
1585 1397 1805 1439 ἐλλείπειν·

366 1458 530 1507 ἄτομον
555 1458 637 1509 γὰρ
665 1458 748 1510 ἤδη
777 1459 859 1509 (vel
890 1458 1007 1508 ε’ίδει)
1037 1458 1103 1498 δεῖ
1127 1455 1256 1507 εἶναι,
1296 1472 1399 1510 quae
1436 1463 1595 1499 omnino
1622 1475 1703 1500 non
1731 1475 1806 1500 co-

366 1521 609 1560 haererent:
640 1536 764 1572 quare
792 1523 912 1560 etiam
934 1523 1116 1560 Enstrat.
1140 1522 1294 1571 (schol.
1322 1524 1514 1573 243b16)
1543 1523 1649 1562 hunc
1675 1525 1808 1563 locum

365 1583 421 1620 ita
450 1584 621 1633 explicat
649 1598 696 1622 ac
725 1586 758 1622 si
787 1586 982 1634 scriptum
999 1588 1181 1622 exstaret
1201 1587 1328 1623 τοῦτο
1350 1583 1388 1634 δῖ
1410 1583 1645 1635 ἀναγκαῖον
1663 1587 1807 1639 (intell‘.

367 1644 415 1684 τὸ
443 1644 573 1696 μηδὲν
601 1643 841 1700 ἐλλείπειν),
871 1645 906 1685 εἰ
933 1645 990 1693 εἰς
1017 1645 1064 1686 τὸ
1100 1647 1260 1699 ἄτομον
1285 1646 1505 1698 προβαίνει
1529 1647 1558 1700 ἦ
1595 1649 1806 1699 διαίρεσις.

368 1709 483 1757 Quae
514 1723 635 1760 quum
663 1711 719 1748 ita
748 1711 852 1758 sint,
890 1714 1028 1748 nostra
1057 1710 1179 1748 lectio
1207 1715 1420 1760 praestare
1448 1712 1634 1760 videtur,
1664 1714 1729 1751 cui
1755 1725 1809 1751 ne

367 1772 455 1819 quis
485 1773 650 1810 obiiciat
679 1773 786 1822 quod
814 1772 1036 1810 verisimile
1064 1773 1116 1810 sit
1143 1773 1415 1824 negligentiae
1437 1774 1711 1822 scribentium,
1740 1775 1809 1825 qui

369 1834 492 1871 verba
521 1833 555 1872 εἰ
582 1833 760 1874 ἅπαν...
789 1834 1024 1884 ἀναγκαῖον
1050 1836 1361 1885 praeterierint,
1402 1849 1522 1886 quum
1550 1849 1653 1885 quae
1681 1850 1807 1887 prae-

369 1896 568 1934 cesserint
605 1898 646 1935 in
677 1897 819 1935 eadem
846 1898 972 1934 verba
1002 1898 1261 1945 desinerent,
1303 1899 1409 1936 hanc
1445 1899 1700 1937 omissionem
1728 1901 1806 1938 de-

371 1957 483 2006 beri,
527 1959 927 1997 animadvertendum
957 1962 1020 1996 est
1046 1958 1086 1996 in
1115 1959 1278 1996 Boethii
1305 1960 1494 1998 versione
1519 1973 1599 1998 non
1628 1965 1808 2011 praeter-

371 2021 492 2058 missa
513 2033 604 2059 esse
624 2023 749 2059 verba
767 2019 801 2059 εἰ
820 2019 1003 2059 ἅπαν...
1032 2019 1279 2072 ἀναγκαῖον,
1305 2023 1379 2060 sed
1405 2035 1451 2059 ea
1464 2022 1549 2060 sola
1571 2036 1674 2072 quae
1688 2024 1808 2075 vulgo

371 2083 545 2131 repetita
572 2084 767 2134 leguntur
793 2086 922 2123 τοῦτο
952 2083 989 2122 δ’
1018 2082 1267 2134 ἀναγκαῖον.
1312 2084 1558 2135 Explicanda
1581 2092 1644 2122 est
1672 2090 1808 2124 autem

369 2148 508 2183 nostra
536 2146 660 2184 lectio
688 2148 766 2184 hoc
794 2147 924 2184 modo.
970 2146 1153 2185 Necesse
1182 2151 1258 2195 est,
1288 2147 1343 2185 ait
1369 2146 1626 2196 Aristoteles,
1655 2152 1701 2186 ut
1728 2149 1807 2186 sin-

371 2207 492 2257 gulae
521 2210 678 2259 species
709 2213 751 2247 et
777 2213 922 2246 natura
951 2222 1041 2246 cum
1069 2223 1223 2260 genere
1252 2209 1492 2247 coniunctae
1521 2210 1601 2247 sint
1628 2214 1669 2248 et
1696 2211 1808 2248 dein·
1840 2259 1843 2262 r

371 2281 468 2319 ceps
495 2275 704 2309 sumantur
730 2284 864 2321 neque
891 2270 973 2308 ulla
999 2274 1371 2322 praetermittatur,
1409 2271 1516 2320 quia,
1545 2272 1622 2310 nisi
1649 2272 1727 2310 hoc
1753 2273 1809 2310 ita

373 2331 511 2380 fieret,
541 2334 682 2371 divisio
700 2347 778 2371 non
808 2334 1017 2371 desineret
1042 2335 1084 2371 in
1111 2335 1270 2383 species
1299 2346 1402 2384 quae
1429 2334 1545 2383 ipsae
1572 2334 1823 2373 divisionem-

370 2407 451 2432 non
479 2395 766 2433 admitterent:
805 2396 930 2433 debet
967 2396 1071 2433 enim
1109 2396 1251 2434 divisio
1278 2396 1506 2446 procedere
1533 2408 1661 2445 usque
1688 2397 1740 2434 ad
1767 2397 1810 2434 id

375 2457 483 2506 quod
510 2458 640 2507 ipsum
669 2458 793 2495 dividi
819 2461 1009 2508 nequeat.
1037 2478 1089 2486 -—-
1137 2458 1384 2496 Lectionem‘
1404 2456 1516 2504 εἴδει,
1547 2470 1666 2507 quam
1687 2459 1809 2497 etiam

372 2518 608 2557 Brandisius
634 2520 820 2570 probavit
847 2521 887 2558 in
906 2520 1060 2559 variet.
1092 2519 1186 2558 lect.
1210 2520 1400 2568 Aristot..,
1445 2532 1566 2570 quum
1593 2518 1675 2571 ἤδη
1703 2521 1807 2560 alie-

374 2594 451 2619 nae
477 2575 741 2620 correctionis
769 2582 945 2632 speciem
972 2582 1143 2630 habeat,
1179 2582 1339 2621 Boethii
1367 2587 1408 2620 et
1435 2586 1514 2621 vet.
1542 2583 1667 2632 intp.,
1696 2584 1808 2622 cuius

377 2644 504 2682 codex
523 2644 698 2683 Gothan.
726 2648 840 2683 certe
868 2647 999 2682 totum
1034 2644 1168 2683 locum
1194 2645 1318 2683 talem
1346 2645 1510 2684 exhibet
1538 2644 1698 2695 qualem
1734 2659 1809 2684 nos

377 2705 586 2756 dedimus,
620 2707 902 2746 auctoritatem
929 2707 1058 2746 secuti
1084 2707 1362 2759 praetulimus.
1390 2730 1442 2736 —
1503 2708 1575 2749 Vs.
1595 2709 1647 2746 36
1674 2708 1807 2746 Bran-
