1786 3068
253 197 307 235 22
775 193 1167 226 ΑΝΑΛΤΤΙΚΩΝ

255 293 378 338 ἐστίν·
401 290 461 338 οὐ
475 288 670 352 γὰρκαθ’
680 287 971 347 ὑποκειμένου
984 287 1115 344 τινός·
1140 288 1176 333 εἰ
1179 285 1275 368 ,ἴγάρ
1292 287 1365 332 καὶ
1376 285 1479 332 καθ
1496 284 1678 332 ὑποκει-

254 358 391 418 μένου
402 355 521 412 τινὸς
540 375 591 402 τα
611 353 887 438 γεωμετρικά
888 354 1015 435 ἐστιν,
1032 351 1124 399 ἀλλ’
1134 351 1220 432 οὐχ
1229 354 1257 412 ᾑ
1270 371 1314 412 γε
1329 350 1431 397 καθ’
1446 350 1680 411 ὑποκειμέ-

207 439 242 467 1o
256 441 352 469 νου.
397 423 479 481 ἔχει
491 423 536 467 δὲ
554 418 745 479 καὶπρὸς
764 436 845 480 την
861 416 1057 478 ὀπτικήν,
1079 437 1139 474 ως
1159 415 1272 478 αὕτη
1294 414 1408 475 πρὸς
1425 435 1507 478 την
1524 435 1680 477 γεωμε-

255 488 391 568 τρίαν,
424 485 535 547 ἄλλη
565 483 678 544 πρὸς
701 483 899 565 ταύτην,
911 481 1004 530 οἷον
1039 482 1090 529 τὸ
1115 484 1210 542 περὶ
1230 487 1306 544 τῆς
1338 484 1497 564 ἰριδος·
1531 480 1583 527 τὸ
1606 482 1682 540 μὲν

254 551 336 613 γὰρ
359 550 424 597 ὅτι
447 553 649 610 φυσικοῦ
669 550 836 604 εἰδέναι,
855 546 904 595 τὸ
915 551 961 595 δὲ
981 548 1090 595 διότι
1111 547 1309 604 ὄπτικοῦ,
1331 546 1364 609 η’
1387 545 1583 602 &mg-”³
1553 565 1581 608 η
1600 550 1684 592 τοῦ

254 615 364 662 κατὰ
402 615 451 661 τὸ
490 615 686 676 μάθημα.
763 616 918 660 πολλαὶ
963 615 1008 660 δὲ
1046 615 1119 660 καὶ
1150 618 1239 659 τοῖν
1279 611 1337 675 μὴ
1375 611 1451 659 υπ’
1491 611 1684 691 αλλήλας

256 682 503 741 ἐπιστημῶν
526 681 700 739 ἔχουσιν
712 677 866 736 οὕτως,
889 677 982 725 οἷον
1004 677 1170 740 ἰατρικὴ
1189 694 1300 738 προς
1319 679 1586 739 γεωμετρίαν·
1617 675 1683 722 ὅτι

206 766 240 793 15
254 747 331 805 μὲν
361 744 442 804 γὰρ
468 743 520 790 τά
544 747 647 806 ἕλκη
676 743 729 790 τὰ
761 750 978 807 περιφερῆ
1009 744 1276 804 βραδύτερον
1313 742 1555 804 ὑγιάζεται,
1599 746 1683 787 τοῦ

255 813 411 869 ἰατροῦ
431 811 599 866 εἰδέναι,
635 809 743 856 διότι
763 812 809 856 δὲ
829 814 915 856 τοῦ
935 811 1189 871 γεωμέτρου.

174 884 237 927 14
359 878 457 921 Τῶν
486 877 532 922 δε
566 875 795 938 σχημάτων
828 873 1158 937 ἐπιστημονικὸν
1196 873 1379 934 μάλιστα
1413 871 1464 918 τὸ
1510 870 1684 931 πρῶτόν

253 941 377 986 ἐστιν.
433 943 487 986 αι’
504 959 547 986 τε
578 939 660 1000 γὰρ
689 943 987 1002 μαθηματικαὶ
1022 944 1110 985 τοῖν
1139 940 1382 1001 ἐπιστημῶν
1415 936 1486 984 διὰ
1516 937 1683 983 τούτου

253 1006 442 1087 φέρουσι
462 1005 540 1062 τὰς
563 1005 812 1062 ἀποδείξεις,
846 1003 940 1051 οἷον
969 1003 1231 1066 αριθμητικὴ
1259 1005 1330 1048 καὶ
1351 1004 1582 1064 γεωμετρία
1610 1003 1683 1047 καὶ

202 1087 237 1115 20
254 1069 423 1133 όπτική,
456 1073 528 1116 καὶ
549 1069 707 1131 σχεδὸν
731 1070 813 1152 0343'¹
814 1073 945 1116 εἰπεῖν
976 1068 1077 1116 ὅσαι
1105 1073 1187 1115 τοῦ
1209 1069 1321 1115 διοτι
1349 1073 1579 1114 ποιοῦνται
1602 1065 1684 1129 τὴν

254 1136 430 1190 σκέψιν·
463 1134 496 1198 ἢ
523 1135 606 1196 γάρ
638 1134 751 1192 ὅλως
783 1133 813 1197 ἢ
843 1134 905 1191 ὦς
936 1136 1003 1180 ἐπὶ
1032 1133 1083 1180 τό
1115 1133 1233 1180 πολὺ
1262 1135 1334 1179 καὶ
1368 1135 1411 1180 ἐν
1447 1139 1537 1189 τοῖς
1563 1134 1683 1179 πλεί-

253 1213 372 1257 στοις
391 1199 460 1246 διὰ
474 1201 637 1247 τούτου
646 1205 730 1247 τοῦ
740 1199 956 1262 σχήματος
977 1220 1002 1245 0
1017 1218 1098 1245 του
1082 1199 1223 1246 διότι
1237 1198 1539 1260 συλλογισμός.
1575 1195 1684 1244 ὥστε

253 1263 336 1312 κᾶν
365 1264 437 1311 δια
470 1265 589 1312 τοῦτ’
621 1268 686 1327 εἴη
709 1266 892 1325 μάλιστα
921 1265 1269 1327 ἐπιστημονικόν·
1305 1264 1575 1324 κυριώτατον
1602 1262 1684 1324 γὰρ

253 1335 338 1376 τοῦ
358 1331 513 1377 εἰδέναι
534 1330 583 1377 τὸ
596 1331 708 1378 διότι
725 1337 917 1389 θεωρεῖν.
964 1337 1051 1376 εἰτα
1073 1329 1151 1392 τὴν
1169 1334 1251 1376 τοῦ
1268 1348 1306 1375 τι
1300 1331 1434 1375 ’ἐστιν
1451 1328 1687 1391 ἐπιστήμην

203 1395 326 1442 256ιά
355 1396 496 1455 μόνου
526 1396 689 1443 τούτου
716 1401 937 1458 θηρεῦσαι
966 1396 1164 1442 δυνατόν.
1220 1397 1263 1441 ἐν
1285 1414 1362 1454 μεν
1380 1394 1459 1456 γὰρ
1487 1399 1550 1458 τῷ
1569 1395 1686 1458 μέσῳ

252 1460 436 1546 σχήματι
479 1461 538 1508 οὔ
575 1463 733 1522 γίνεται
769 1460 1053 1523 κατηγορικὸς
1095 1460 1408 1521 συλλογισμός,
1452 1459 1479 1522 ἡ
1518 1441 1568 1506 ’δε
1602 1463 1686 1505 τοῦ

251 1528 294 1572 τί
334 1528 447 1572 ἐστιν
481 1527 692 1589 ἐπιστήμη
731 1526 1035 1586 καταφάσεως·
1081 1527 1125 1572 ἐν
1159 1528 1205 1572 δε
1232 1530 1294 1590 τῷ
1332 1525 1492 1590 ἐσχατῳ
1528 1526 1686 1586 γίνεται

251 1593 329 1651 μὲν
351 1591 444 1637 αλλ’
466 1610 525 1638 ου
548 1592 763 1648 καθόλου,
797 1591 847 1638 τὸ
868 1593 914 1638 δὲ
937 1593 979 1636 τί
999 1592 1086 1637 ἐστι
1111 1596 1196 1637 τῶν
1223 1591 1426 1637 καθόλου
1455 1592 1590 1637 ἐστίν
1625 1588 1684 1636 οὐ

251 1675 334 1717 γαρ
354 1661 417 1717 πῇ
439 1657 526 1702 ἐστι
548 1661 660 1720 ζῶον
679 1659 839 1703 δίπουν
861 1656 886 1702 ὁ
907 1656 1154 1738 ανθρωπος.
1201 1657 1260 1702 ετι
1279 1675 1411 1702 τουτο
1423 1674 1498 1716 μεν
1518 1657 1687 1702 ἐκείνων

202 1737 237 1765 ω
253 1721 387 1768 οὐδὲν
416 1726 678 1782 προσδεῖται,
715 1723 851 1768 ἐκεῖνα
877 1725 923 1768 δε
953 1721 1026 1767 δια
1056 1722 1220 1768 τούτου
1240 1726 1595 1768 καταπυκνοῦται
1613 1722 1686 1766 καὶ

253 1785 441 1842 αὔξεται,
476 1789 554 1843 ε’ως
587 1785 641 1833 αἰ)
668 1789 728 1843 εἰς
756 1806 807 1833 τα
838 1786 975 1846 αμεσα
1003 1788 1123 1847 ἔλθη.
1179 1786 1371 1847 φανερὸν
1400 1781 1485 1833 οὖν
1507 1785 1574 1832 ὅτι
1602 1805 1684 1832 κυ-

251 1852 462 1912 ριώτατον
482 1857 566 1898 τοῦ
586 1853 844 1898 ἐπίστασθαι
867 1851 918 1898 τὸ
939 1857 1109 1911 πρῶτον
1131 1857 1286 1914 σχῆμα.
1319 1894 1323 1896 ε

170 1916 234 1961 15
340 1916 509 1978 ΓὨσπερ
541 1920 587 1964 δε
605 1917 817 1978 ὐπαρχειν
842 1916 892 1964 τὸ
915 1923 952 1963 Α
976 1922 1037 1979 τῷ
1059 1922 1096 1963 Β
1115 1919 1322 1977 ἐνεδέχετο
1352 1917 1531 1976 ἆτόμως,
1566 1914 1685 1962 οὕτω

251 1985 325 2029 καὶ
351 1982 411 2046 μὴ
446 1982 657 2043 ὑπάρχειν
683 1985 868 2068 ἐγχωρεῖ.
927 1983 1036 2044 λέγω
1067 1984 1112 2029 δε
1144 1981 1194 2030 τὸ
1223 1982 1390 2043 οἷτόμως
1419 1981 1630 2042 υπάρχειν
1656 1979 1687 2043 ἢ

203 2067 237 2094 35
251 2048 312 2111 μὴ
337 2047 548 2109 υπᾶρχειν
568 2048 618 2095 τὸ
637 2048 697 2132 μὴ
719 2055 822 2095 εἰναι
846 2047 990 2095 αὐτῶν
1008 2049 1152 2108 μέσον·
1177 2046 1292 2095 οὕτω
1312 2067 1394 2109 γαρ
1407 2047 1552 2094 οὐκέτι
1571 2049 1686 2093 ε’σται

251 2113 342 2160 κατ’
360 2113 468 2160 α’λλο
489 2113 539 2160 τὸ
561 2114 770 2181 ὑπαρχειν
791 2113 824 2177 ἢ
842 2113 902 2176 μὴ
924 2113 1144 2175 ὑπαρχειν.
1203 2112 1310 2160 ὅταν
1330 2132 1406 2173 μεν
1432 2106 1517 2159 οὖν
1537 2110 1568 2174 ἢ
1587 2111 1686 2158 τόΑ

250 2178 280 2242 ἢ
305 2178 356 2226 τὸ
381 2184 418 2225 Β
445 2181 489 2226 ἐν
519 2178 609 2226 ὅλω
634 2182 714 2226 τινὶ
736 2182 778 2240 ᾐ,
813 2178 844 2242 ἢ
863 2181 937 2225 καὶ
969 2178 1114 2240 ἄμφω,
1151 2197 1236 2226 ουκ
1268 2181 1473 2240 ἐνδέχεται
1495 2177 1544 2224 τὸ
1565 2183 1602 2223 Α
1622 2182 1686 2241 τῷ

250 2249 288 2290 Β
319 2245 499 2305 πρώτως
529 2227 591 2308 μή
624 2244 847 2306 ὑπάρχειν.
924 2247 1028 2292 ε’στω
1059 2263 1140 2306 γαρ
1178 2244 1229 2291 τὸ
1258 2251 1295 2291 Α
1335 2247 1380 2292 ἐν
1414 2242 1503 2308 ὅλῳ
1546 2248 1606 2308 τῷ
1634 2247 1685 2288 Γ.

250 2309 424 2357 οὐκοῦν
447 2312 485 2358 εἰ
504 2309 555 2357 τό
578 2315 615 2357 Β
637 2312 698 2374 μή
722 2313 834 2358 ἐστιν
859 2310 905 2357 ἐν
925 2308 1015 2375 ὅλῳ
1046 2315 1110 2374 τῷ
1133 2315 1178 2356 Γ
1203 2312 1397 2372 (ἐγχωρεῖ
1422 2290 1502 2370 γὰρ
1529 2290 1586 2355 τὸ
1610 2310 1687 2368 μὲν

335 2456 357 2487 8
382 2455 417 2488 εἰ
435 2455 527 2500 γὰρ.
561 2455 683 2495 .τινὸς
698 2469 738 2500 pr
753 2469 807 2489 om
819 2468 876 2489 nu.
893 2477 935 2483 —
960 2454 1022 2489 καὶ
1049 2465 1103 2486 om
1122 2456 1156 2496 f.
1173 2473 1213 2478 —
1238 2455 1258 2487 9
1282 2451 1530 2509 γεωμετρητᾙά
1528 2453 1682 2492 ABMcd,

249 2510 288 2540 pr
312 2510 369 2538 un,
394 2500 616 2554 γεωμετριτά
643 2513 683 2544 pr
711 2502 748 2542 C,
766 2513 876 2555 supra
900 2512 936 2532 vs
962 2511 990 2539 ο,
1014 2497 1293 2552 yfitoptstgrjpwcta
1315 2511 1349 2542 p.
1373 2517 1418 2523 —-
1450 2496 1530 2540 οὐχί
1554 2509 1591 2540 γε
1624 2498 1684 2539 Bf‚

247 2554 287 2585 pr
312 2554 344 2574 u.
372 2563 411 2568 -
451 2545 491 2576 10
516 2542 612 2588 αὕτη
642 2557 681 2587 γε
706 2543 845 2601 πρόςᾶ
881 2563 923 2568 -
958 2544 998 2576 13
1030 2541 1072 2576 τὸ
1107 2555 1144 2574 rc
1169 2545 1203 2585 f.
1231 2563 1269 2569 -
1307 2542 1468 2596 α’λλήλως
1499 2555 1540 2597 pr
1567 2543 1616 2576 M.
1640 2559 1685 2567 —-

250 2587 289 2618 17
313 2585 354 2619 τὸ
380 2600 419 2640 pr
445 2600 498 2620 om
522 2600 556 2621 n.
575 2607 620 2614 —
643 2591 688 2622 20
713 2589 762 2628 ως
787 2600 841 2620 om
867 2589 923 2620 dn.
948 2605 993 2612 —
1016 2588 1060 2619 23
1084 2586 1145 2620 καὶ
1169 2599 1201 2620 n.
1215 2607 1258 2612 —
1282 2584 1397 2643 τοῦτ’]
1423 2587 1489 2620 τοῦ
1514 2583 1562 2619 ὂίν
1586 2598 1625 2628 pr
1649 2596 1682 2620 π.

245 2648 289 2655 —
313 2630 532 2675 κυριότατον
558 2634 606 2666 Μ.
634 2651 675 2658 -
698 2635 741 2666 27
765 2630 939 2684 γίνεται]
940 2642 977 2663 τι
1002 2629 1101 2664 ἔσται
1124 2631 1157 2664 d.
1176 2649 1219 2656 —
1243 2632 1286 2664 29
1310 2631 1378 2675 ἔτι]
1403 2632 1438 2664 εἰ
1460 2631 1493 2663 d.
1518 2648 1562 2655 —
1587 2631 1625 2663 31
1654 2627 1684 2662 τ’

246 2673 364 2717 ἅμεσα
384 2686 420 2718 p.
445 2694 487 2699 —
517 2675 607 2730 μέσα
632 2689 673 2719 pr
695 2689 730 2710 n.
757 2696 799 2701 -
832 2677 874 2709 33
901 2671 998 2708 ου’τω
1100 2672 1247 2728 οἷτόμως
1279 2687 1316 2708 rc
1350 2687 1404 2717 mg
1430 2687 1463 2707 n.
1489 2693 1533 2699 -
1566 2675 1610 2707 35
1633 2673 1684 2719 τῷ

249 2719 354 2760 prG
381 2716 1051 2765 -37τόοιῃη.-ᾖοιιιΜΡ.-·
1078 2717 1542 2762 39ovu015v...yomp.
