1812 3068
318 237 395 276 108
861 237 1131 272 ΤΟΠῙΚΩΝ
1172 239 1211 270 Β.

194 344 301 388 p.112
316 334 425 396 πρός
443 352 483 381 τι
501 332 572 381 διὰ
583 338 665 380 τοῦ
674 333 873 392 κειμένου
883 333 1171 396 ποιησάμενος
1180 333 1369 395 ἀναιρεῖν
1378 334 1568 396 ἐπιχειρῇ
1579 353 1588 362 ·
1621 334 1730 382 τού-

315 420 396 448 του
422 399 503 462 γάρ
530 399 829 458 ἀναιρεθέντος
855 400 928 445 καὶ
954 397 1005 446 τὸ
1029 402 1305 461 προκείμενον
1329 399 1572 461 ἀναιρεῖται.
1625 421 1730 463 φαι-

316 467 499 527 νόμενον
522 465 561 512 δ’
582 464 832 526 ἀναγκαῖον,
874 463 977 512 ὅταν
1004 468 1211 530 φαίνηται
1235 469 1311 527 μὲν
1338 466 1550 530 χρήσιμον
1569 469 1642 513 καὶ
1665 469 1731 514 οἰ·-

315 540 431 580 κεῖον
452 537 529 594 τῆς
548 532 732 587 θέσεως,
766 530 826 594 μὴ
848 524 878 591 ᾗ
898 532 967 588 δέ,
999 531 1112 592 πρὸς
1135 531 1162 579 ὃ
1179 534 1391 594 γίγνονται
1413 535 1455 579 οἱ
1475 534 1618 595 λόγοι,
1653 535 1732 580 εἴτε

283 617 300 644 ⁵
317 599 617 661 ἀρνησαμένου
639 601 720 643 τοῦ
729 596 808 644 τὸν
826 597 962 658 λόγον
978 596 1230 659 ὑπέχοντος,
1263 601 1340 646 εἴτε
1363 600 1587 662 ἐπαγωγῆς
1611 599 1731 646 ἐνδό-

316 664 395 720 ξου
414 663 485 710 διὰ
514 667 591 726 τῆς
609 664 775 720 θέσεως
793 662 904 724 πρὸς
925 662 1035 710 αὐτὸ
1055 666 1280 728 γινομένης
1297 664 1485 726 ἀναιρεῖν
1502 667 1732 729 ἐπιχειροίη

316 729 441 777 αὐτό.
494 728 544 776 τὸ
566 730 612 775 δὲ
633 729 810 787 λοιπόν,
846 728 951 777 ὅταν
970 729 1067 793 μήτ’
1095 730 1327 793 ἀναγκαῖον
1345 725 1375 792 ᾗ
1394 732 1497 794 μήτε
1519 732 1731 792 φαινόμε-

313 815 391 843 νον
424 794 537 856 πρὸς
570 793 595 842 ὃ
629 797 815 856 γίνονται
848 797 891 842 οἱ
922 796 1067 858 λόγοι,
1102 796 1240 855 ἄλλως
1273 799 1318 844 δὲ
1351 797 1732 859 παρεξελέγχεσθαι

314 863 530 922 συμβαίνῃ
557 865 616 927 τῷ
645 861 977 927 ἀποκρινομένῳ.
1038 865 1103 908 δεῖ
1130 862 1167 910 δ’
1196 863 1475 924 εὐλαβεῖσθαι
1499 863 1578 910 τόν
1606 865 1730 924 ἔσχα-

265 949 299 977 10
313 947 388 975 τον
414 932 500 975 τῶν
529 928 749 990 ῥηθέντων
767 928 961 988 τρόπων·
1003 934 1219 986 παντελῶς
1239 928 1318 991 γὰρ
1341 929 1638 993 ἀπηρτημένος
1658 931 1731 976 καὶ

313 994 542 1055 ἀλλότριος
560 995 696 1041 ἔοικεν
717 991 823 1041 εἶναι
842 999 923 1057 τῆς
943 998 1219 1058 διαλεκτικῆς.
1255 994 1326 1042 διὸ
1345 999 1412 1042 δεῖ
1427 998 1498 1042 καὶ
1519 995 1598 1043 τὸν
1619 995 1730 1042 ἀπο-

312 1061 567 1121 κρινόμενον
596 1059 655 1123 μὴ
685 1062 1007 1118 δυσκολαίνειν,
1051 1059 1160 1107 ἀλλὰ
1185 1062 1351 1108 τιθέναι
1377 1060 1429 1108 τὰ
1459 1060 1518 1125 μὴ
1544 1062 1731 1125 χρήσιμα

311 1126 424 1187 πρὸς
445 1126 524 1190 τὴν
545 1128 693 1183 θέσιν,
727 1127 1113 1189 ἐπισημαινόμενον
1142 1125 1226 1174 ὅσα
1247 1126 1306 1190 μὴ
1327 1131 1467 1184 δοκεῖ,
1498 1129 1650 1191 τίθησι
1670 1128 1729 1174 δέ.

312 1198 476 1254 μᾶλλον
501 1191 583 1255 γὰρ
606 1191 782 1253 ἀπορεῖν
810 1192 870 1249 ὥς
888 1194 954 1239 ἐπὶ
981 1191 1030 1239 τὸ
1051 1191 1167 1239 πολύ
1186 1195 1411 1254 συμβαίνει
1430 1199 1520 1251 τοῖς
1541 1195 1731 1255 ἐρωτῶσι

264 1279 297 1307 15
312 1259 482 1306 πάντων
509 1259 741 1318 τιθεμένων
760 1257 910 1316 αὐτοῖς
927 1263 1012 1305 τῶν
1030 1259 1260 1318 τοιούτων,
1292 1259 1366 1307 ἐὰν
1384 1258 1443 1322 μὴ
1461 1262 1730 1321 περαίνωσιν.

399 1324 495 1371 Ἔτι
524 1329 609 1381 πᾶς
644 1323 668 1371 ὁ
692 1323 871 1388 εἰρηκώς
893 1323 1044 1371 ὁτιοῦν
1070 1325 1235 1382 τρόπον
1262 1324 1356 1372 τινά
1384 1325 1524 1372 πολλὰ
1548 1328 1730 1389 εἴρηκεν,

312 1390 456 1454 ἐπειδὴ
479 1393 609 1438 πλείω
629 1391 792 1456 ἑκάστῳ
820 1390 864 1446 ἐξ
882 1389 1071 1453 ἀνάγκης
1089 1390 1317 1438 ἀκόλουθά
1338 1393 1473 1449 ἐστιν,
1509 1390 1602 1438 οἷον
1622 1391 1647 1438 ὁ
1671 1393 1730 1438 εἰ-

311 1456 457 1520 ρηκώς
485 1456 720 1517 ἄνθρωπον
749 1455 856 1503 εἶναι
877 1459 948 1503 καὶ
971 1455 1036 1503 ὅτι
1055 1457 1166 1522 ζῷόν
1187 1459 1298 1505 ἐστιν
1319 1460 1458 1521 εἴρηκε
1479 1460 1551 1504 καὶ
1573 1455 1639 1504 ὅτι
1659 1459 1730 1518 ἴμ-

311 1528 456 1584 ψυχον
471 1525 541 1569 καὶ
553 1521 618 1569 ὅτι
628 1524 789 1569 δίπουν
805 1524 878 1569 καὶ
897 1522 962 1569 ὅτι
973 1527 1056 1570 νοῦ
1066 1525 1138 1569 καὶ
1148 1524 1382 1587 ἐπιστήμης
1395 1523 1603 1581 δεκτικόν,
1624 1521 1731 1570 ὥστε

261 1603 297 1630 20
313 1588 559 1636 ὁποιουοῦν
570 1587 667 1645 ἓνὸς
674 1593 762 1635 τῶν
772 1587 1036 1635 ἀκολούθων
1045 1588 1346 1650 ἀναιρεθέντος
1359 1589 1589 1650 ἀναιρεῖται
1597 1591 1670 1636 καὶ
1681 1587 1731 1636 τὸ

310 1657 354 1703 ἐν
363 1654 484 1716 ἀρχῇ.
513 1654 794 1715 εὐλαβεῖσθαι
806 1657 851 1701 δὲ
861 1653 943 1717 χρὴ
955 1653 1007 1701 τὰ
1015 1659 1195 1702 τοιαῦτα
1206 1657 1278 1702 καὶ
1288 1655 1339 1702 τὸ
1351 1657 1647 1717 χαλεπωτέρου
1655 1653 1733 1718 τὴν

309 1723 546 1784 μετάληψιν
555 1726 777 1768 ποιεῖσθαι
789 1738 798 1747 ·
834 1722 962 1768 ἐνίοτε
984 1722 1060 1780 μὲν
1074 1719 1155 1783 γὰρ
1176 1722 1285 1786 ῥᾷον
1301 1720 1351 1769 τὸ
1365 1721 1618 1769 ἀκόλουθον
1632 1721 1731 1769 ἀνε-

310 1793 411 1844 λεῖν,
447 1789 575 1834 ἐνίοτε
595 1786 634 1833 δ’
654 1785 765 1833 αὐτὸ
781 1785 832 1832 τὸ
852 1789 1143 1847 προκείμενον.

262 1857 295 1901 6
399 1852 555 1910 “Όσοις
582 1852 621 1899 δ’
637 1852 803 1914 ἀνάγκη
833 1852 1019 1913 θάτερον
1036 1852 1175 1912 μόνον
1190 1851 1414 1913 ὑπάρχειν,
1448 1850 1546 1898 οἷον
1572 1856 1634 1917 τῷ
1654 1851 1728 1899 ἀν-

261 1933 296 1960 2⁵
311 1920 475 1985 θρώπῳ
493 1918 572 1982 τὴν
582 1917 717 1966 νόσον
734 1916 764 1981 ἢ
782 1916 861 1979 τὴν
869 1917 1048 1979 ὑγίειαν,
1083 1917 1155 1965 ἐὰν
1164 1917 1274 1977 πρὸς
1283 1917 1732 1978 θάτερονεύποριόμεν

312 1987 586 2048 διαλέγεσθαι
618 1983 683 2031 ὅτι
715 1983 900 2044 ὑπάρχει
931 1982 962 2046 ἢ
997 1983 1079 2045 οὐχ
1111 1983 1307 2046 ὑπάρχει,
1340 1986 1413 2030 καὶ
1438 1982 1548 2045 πρὸς
1568 1983 1617 2031 τὸ
1638 1989 1731 2031 λοι-

311 2051 400 2099 πὸν
419 2051 733 2114 εὐπορήσομεν.
767 2055 900 2096 τοῦτο
921 2049 959 2097 δ’
978 2049 1245 2112 ἀντιστρέφει
1265 2048 1375 2109 πρὸς
1387 2049 1517 2111 ἄμφω
1529 2067 1540 2078 ·
1563 2049 1730 2105 δείξαν-

311 2137 378 2176 τες
408 2120 483 2179 μὲν
510 2117 590 2180 γὰρ
624 2115 689 2164 ὅτι
713 2115 895 2177 ὑπάρχει
915 2115 1120 2177 θάτερον,
1161 2115 1227 2163 ὅτι
1251 2116 1341 2177 οὐχ
1353 2115 1539 2177 ὑπάρχει
1560 2115 1611 2163 τὸ
1635 2121 1730 2163 λοι-

311 2184 400 2232 πὸν
427 2184 657 2246 δεδειχότες
676 2182 889 2243 ἐσόμεθα·
938 2181 1012 2230 ἐὰν
1039 2182 1077 2230 δ’
1106 2181 1171 2230 ὅτι
1199 2182 1282 2244 οὐχ
1309 2181 1492 2244 ΰπάρχει
1519 2181 1729 2243 δείξωμεν,

399 2297 506 2331 112a1
533 2296 799 2341 ποιησαμένους
821 2298 895 2335 ΑΒ,
919 2294 1165 2340 ποιησαμένου
1191 2309 1267 2329 corr
1295 2298 1350 2338 cc,
1372 2294 1614 2340 ποιησάμενος
1632 2308 1673 2338 ρῐ·
1692 2298 1729 2330 C.

312 2364 355 2369 —
381 2346 402 2379 5
426 2344 496 2378 εἴτε
520 2340 592 2377 ἀπὸ
618 2341 803 2384 ἐπαγωγῆς
829 2342 916 2384 Pus,
949 2354 1026 2373 corr
1050 2343 1091 2374 B.
1124 2359 1168 2366 -—
1200 2343 1220 2374 6
1244 2339 1357 2376 αὐτὸν
1381 2343 1421 2374 Β.
1446 2360 1492 2366 —-
1522 2340 1731 2384 γιγνομένης

315 2392 381 2431 Bu,
405 2388 597 2432 γενομένης
624 2388 659 2419 C.
684 2405 725 2411 —
756 2385 925 2430 ἐπιχειρεῖ
950 2387 1028 2427 Pfu.
1052 2404 1096 2411 —
1119 2386 1140 2419 7
1163 2383 1222 2419 ὅτε
1249 2387 1284 2419 C.
1309 2404 1354 2410 —
1374 2380 1400 2430 ᾖ
1424 2397 1477 2417 om
1506 2386 1540 2417 G.
1563 2403 1606 2410 —
1629 2385 1651 2417 8
1672 2386 1728 2427 γί-

311 2447 460 2479 γνονται
481 2434 590 2466 ΑΒοιι.
612 2450 656 2456 -
679 2429 734 2471 δὲ]
760 2443 798 2465 τε
824 2431 862 2464 Ρ.
887 2449 928 2455 -—
953 2431 972 2462 9
996 2431 1184 2474 συμβαίνει
1210 2431 1296 2472 Bcf.
1320 2448 1364 2454 —
1391 2426 1664 2472 ἀποκριναμένφ
1692 2431 1727 2463 C.

312 2500 356 2504 —
383 2481 423 2513 10
447 2478 583 2523 τρόπον
607 2476 766 2518 BCPscu.
789 2494 834 2500 —
859 2477 899 2508 12
923 2475 971 2507 alt
993 2473 1041 2517 μὴ
1066 2487 1103 2507 rc
1129 2475 1197 2507 add
1219 2487 1252 2507 u.
1277 2493 1320 2500 —
1347 2476 1386 2508 13
1409 2471 1493 2517 ὅσα]
1518 2472 1567 2512 αἱς
1589 2471 1664 2517 ἅμα
1692 2475 1729 2515 C,

314 2521 431 2569 ὥσπερ
459 2526 531 2556 fort
554 2535 595 2565 pr
610 2533 645 2554 ·c.
671 2540 711 2545 —
738 2521 840 2554 δοκεῖ
858 2518 924 2561 μὲν
946 2520 1072 2562 τίθησι
1094 2531 1127 2551 ιι.
1152 2538 1195 2543 -
1221 2519 1262 2552 14
1285 2518 1326 2552 τό
1352 2531 1406 2551 om
1424 2519 1461 2551 P.
1483 2537 1528 2542 —
1553 2517 1730 2563 ἐρωτῶσιν

313 2566 403 2603 ὅταν
425 2568 574 2602 πάντων
599 2562 724 2603 αὐτοῖς
745 2563 945 2606 τιθεμένων
969 2565 1005 2597 C.
1030 2582 1075 2588 —-
1099 2564 1141 2596 15
1166 2559 1230 2596 ἐὰν
1251 2560 1317 2606 μὴ]
1344 2562 1455 2607 μηδὲν
1482 2564 1517 2596 C.
1542 2581 1586 2589 —
1611 2564 1652 2597 18
1676 2564 1730 2598 εἰ-

314 2614 430 2657 ρηκὼς
455 2614 490 2646 Ρ.
516 2632 558 2637 -—
581 2612 625 2644 20
649 2607 728 2647 ἑνὸς
749 2608 949 2644 ὁποιουοῦν
975 2609 1010 2641 C.
1035 2626 1079 2633 —
1102 2604 1283 2653 ἀνῄρηται
1308 2609 1342 2641 G.
1367 2627 1407 2633 -
1440 2609 1480 2640 21
1507 2608 1551 2641 τὰ
1574 2609 1730 2642 τοιαῦτα

315 2653 404 2700 BCf.
434 2676 480 2683 —
513 2655 576 2691 καὶ
598 2652 657 2698 τὸ]
691 2654 742 2693 εἰς
764 2651 805 2688 τὸ
833 2656 871 2696 f,
906 2665 983 2685 corr
1008 2654 1054 2693 B,
1086 2652 1146 2686 καὶ
1169 2652 1211 2687 τὸ
1237 2651 1274 2687 ἐκ
1300 2653 1362 2686 Pu.
1394 2671 1437 2677 -—
1467 2651 1729 2699 χαλεπώτερον

315 2715 395 2735 corr
417 2703 458 2735 Β.
485 2721 526 2727 -
550 2697 797 2746 χαλεπώτερον
818 2699 1005 2733 ποιεῖσθαι
1027 2697 1228 2741 μετάληψιν
1245 2700 1278 2740 f.
1304 2716 1348 2724 —
1372 2699 1415 2730 22
1437 2696 1667 2755 ἑᾳδιαίτερον
1685 2695 1727 2732 τὸ

317 2748 353 2781 C.
379 2766 414 2772 —
444 2748 487 2780 24
509 2745 622 2788 μόνον
643 2743 847 2786 θάτερονΡ.
870 2762 914 2768 -
935 2743 980 2776 25
1002 2740 1069 2785 τὴν
1092 2742 1143 2774 bis
1170 2754 1223 2775 om
1252 2743 1286 2777 G.
1310 2761 1354 2768 —
1376 2743 1421 2776 28
1442 2755 1499 2778 οτι
1522 2741 1589 2787 οὐχ
1610 2741 1727 2788 ’ὑπάρ-

314 2804 368 2836 χει
389 2798 471 2836 post
494 2792 536 2824 29
560 2789 718 2833 ἐσόμεθα
745 2790 782 2823 Ρ.
808 2807 850 2815 -
873 2788 916 2822 29
938 2784 1083 2832 ὑπάρχῃ
1107 2787 1181 2820 ΑΒ.
