1786 3068
270 209 322 246 10
787 208 1169 242 ΑΝΑΛΤΤΙΚΩΝ

232 311 256 343 h
272 304 428 361 θέντος
445 305 517 350 καὶ
538 307 624 349 τοῦ
647 303 877 359 ἰσοσκελές.
922 302 1016 349 ἄλλ’
1032 322 1090 349 ου
1110 308 1194 351 τοῦ
1215 303 1431 366 σχήματος
1452 302 1482 366 ἢ
1500 305 1693 364 πέρατος.

272 369 365 415 ἄλλ’
376 369 436 416 οὐ
447 369 637 430 πρώτων.
659 370 774 424 τίνος
787 362 871 415 οὖν
879 369 1078 430 πρώτους
1095 371 1133 416 εἰ
1140 368 1196 432 δη
1206 369 1432 431 τριγώνου,
1445 368 1554 415 κατὰ
1562 374 1694 416 τοῦτο

269 434 454 495 ὑπάρχει
485 436 559 480 καὶ
590 439 680 490 τοῖς
713 432 874 491 ἄλλοις,
906 436 980 481 καὶ
999 435 1163 482 τούτου
1184 435 1387 482 καθόλου
1405 434 1562 482 ἐστὶν
1530 451 1566 498 η
1585 434 1695 482 από-

270 500 410 557 δειξις.

222 577 255 620 6
370 567 430 611 Εἰ
452 565 537 609 οὐν
559 563 672 608 ἐστὶν
693 561 723 624 ἡ
746 561 1023 626 ἀποδεικτική
1050 564 1261 645 ἐπιστήμη
1281 564 1378 620 35⁹
1350 567 1593 627 αναγκαίων
1615 564 1694 625 άρ-

238 649 256 676 6
270 635 360 692 χῶν
380 628 428 690 (ὃ
451 627 534 689 γὰρ
558 629 791 687 ἐπίσταται,
829 628 888 675 ου’
907 628 1096 676 δυνατὸν
1118 629 1259 687 άλλως
1280 632 1420 692 ἔχειν),
1454 631 1507 678 τά
1527 633 1574 678 δε
1593 630 1695 677 καθ’

272 695 383 742 αὑτά
418 693 671 753 ὑπάρχοντα
701 693 912 756 αναγκαῖα
941 701 1031 752 τοῖς
1048 696 1308 778 πράγμασιν
1346 695 1394 756 (ἃ
1427 700 1504 757 μὲν
1531 696 1615 779 γὰρ
1652 697 1697 743 ἐν

270 766 333 825 τῶ
362 762 404 806 τί
430 761 544 806 ἐστιν
571 757 777 820 ὑπάρχει·
812 766 903 841 τοῖς
933 760 971 807 6'
1001 761 1112 807 αὐτὰ
1139 764 1184 808 ἐν
1211 766 1275 826 τῷ
1301 764 1344 808 τί
1370 764 1484 810 ἐστιν
1513 762 1697 822 ὑπάρχει

271 807 663 888 κατηγορουμένοις
677 825 839 883 αὑτων,
860 846 894 872 ω
899 845 925 873 ν
935 825 1121 910 θάτερον
1131 833 1214 874 τῶν
1226 827 1522 888 αντικειμένων
1532 827 1697 890 ἀνάγκη

224 908 256 935 10
271 890 512 971 ὑπάρχειν),
547 890 739 951 φανερὸν
771 891 838 938 ὅτι
867 893 913 938 ἐκ
932 893 1144 940 τοιούτων
1159 898 1288 940 τινῶν
1309 892 1362 940 ἂν
1381 897 1447 957 εἴη
1475 893 1501 941 ὁ
1521 893 1695 940 αποδει-

270 955 415 1014 κτικὸς
447 958 760 1018 συλλογισμός·
806 956 922 1004 άπαν
953 977 1035 1019 γαρ
1074 957 1108 1021 ἢ
1142 977 1284 1041 ουτως
1317 958 1503 1021 ὑπάρχει
1530 958 1560 1022 ἢ
1588 957 1697 1005 κατὰ

270 1022 558 1084 συμβεβηκός,
591 1041 644 1068 τα
671 1024 717 1069 δε
736 1023 1041 1086 συμβεβηκότα
1059 1023 1145 1070 οὐκ
1166 1023 1391 1086 οἷναγκαῖα.

357 1087 424 1134 “H
446 1086 502 1150 δη
531 1085 649 1134 οὕτω
678 1090 862 1145 λεκτέον,
896 1109 926 1152 η
952 1087 1088 1152 άρχην
1109 1088 1357 1150 θεμένοις”
1330 1108 1396 1137 οτι
1426 1088 1456 1152 ἡ
1479 1087 1699 1145 απόδειξις

273 1153 511 1215 ἄναγκαῖόν
540 1154 650 1211 ἐστι,
693 1155 765 1200 καὶ
799 1156 836 1200 εἰ
865 1153 1185 1214 α’ποδέδεικται,
1231 1154 1315 1216 οὐχ
1355 1153 1450 1202 οἶόν
1489 1154 1525 1201 τ’
1558 1154 1699 1212 άλλως

225 1237 259 1264 1⁵
275 1221 380 1281 ε’χειν
394 1237 403 1246 ·
440 1218 533 1274 35⁹
505 1220 748 1280 αναγκαίων
766 1239 850 1280 αρα
869 1223 936 1266 δεῖ
953 1217 1062 1266 εἶναι
1083 1219 1162 1267 τὸν
1185 1220 1488 1282 συλλογισμόν.
1511 1219 1569 1274 -35
1589 1219 1696 1282 άλη-

273 1290 371 1332 θῶν
405 1287 481 1344 μὲν
508 1283 589 1346 γὰρ
620 1286 706 1331 ἔστι
735 1284 887 1347 καὶμὴ
918 1285 1234 1336 ἀποδεικνύντα
1263 1288 1626 1348 συλλογίσασθαι,
1657 1284 1703 1341 ἐξ

274 1351 518 1412 αναγκαίων
539 1349 578 1396 δ’
599 1350 686 1397 οὐκ
702 1353 814 1398 εστιν
834 1351 925 1397 αλλ’
951 1350 984 1413 ἢ
1005 1350 1332 1399 ἀποδεικνύντα·
1361 1356 1494 1399 τοῦτο
1513 1370 1594 1413 γαρ
1612 1350 1700 1414 ἤδη

274 1416 535 1472 ἀποδείξεώς
557 1417 679 1463 ἐστιν.
733 1424 909 1480 σημεῖον
932 1417 969 1464 6'
990 1415 1056 1464 ὅτι
1075 1417 1104 1480 ἡ
1126 1417 1345 1500 απόδειξις
1373 1417 1418 1473 ἐξ
1444 1416 1700 1479 αναγκαίων,

278 1481 346 1530 ὅτι
366 1485 438 1528 καὶ
457 1502 534 1539 τας
555 1483 770 1539 ἐνστάσεις
788 1502 904 1530 ουτω
914 1485 1104 1545 φέρομεν
1112 1483 1221 1545 πρὸς
1231 1503 1337 1540 τους
1349 1484 1576 1543 οἰομένους
1589 1482 1700 1529 ἄπο*

226 1548 512 1603 206etxv22'vat,
548 1546 614 1594 ὅτι
637 1548 722 1594 οὐκ
741 1548 921 1611 άνάγκη,
954 1547 1008 1595 α“ν
1037 1548 1273 1609 οἰώιιεθαἿ
1253 1569 1282 1613 η
1314 1548 1426 1606 ὅλως
1453 1550 1702 1609 ἐνδέχεσθαι

276 1611 460 1671 αλλως
437 1633 466 1676 η
488 1614 612 1659 ε’νεκά
627 1633 672 1675 γε
695 1632 777 1660 του
758 1615 941 1676 λόγου.
971 1618 1107 1677 δῆλον
1126 1614 1164 1661 δ’
1175 1616 1221 1662 ἐκ
1238 1614 1403 1662 τούτων
1422 1617 1495 1661 και
1507 1632 1571 1661 οτι
1594 1613 1702 1676 ευή-

274 1685 371 1737 θεις
405 1681 446 1726 οἱ
472 1680 702 1739 λαμβάνειν
736 1681 928 1740 οἰόμενοι
959 1685 1102 1737 καλῶς
1124 1700 1200 1738 τας
1229 1681 1386 1741 αρχάς,
1430 1679 1522 1727 ἐαν.
1525 1679 1703 1737 ε’νδοξος

275 1739 304 1806 ᾗ
337 1744 366 1807 ἡ
395 1745 606 1827 πρότασις
627 1747 699 1791 καὶ
725 1744 914 1808 αληθής,
949 1744 1043 1791 οἷον
1070 1748 1112 1792 οἱ
1138 1749 1343 1807 σοφισταὶ
1370 1744 1437 1792 ὅτι
1456 1744 1506 1792 τὸ
1527 1746 1699 1792 ἐπίστα-

278 1816 388 1857 σθαι
404 1809 454 1856 τὸ
474 1811 750 1874 ἑπιστήμην”
727 1830 844 1870 εχειν.
880 1809 941 1857 ου’
960 1810 1043 1872 γὰρ
1066 1830 1116 1858 το
1102 1809 1348 1867 ἔνδοξονἮ
1319 1831 1347 1874 η
1366 1810 1425 1874 μὴ
1445 1830 1557 1874 αρχη
1547 1811 1702 1868 'gamm

227 1892 263 1920 25
279 1875 391 1922 αλλα
413 1875 468 1929 ,τὸ
500 1881 671 1936 πρῶτον
697 1882 779 1923 τοῦ
803 1879 957 1937 γένους
977 1876 1118 1936 περὶ
1104 1877 1129 1923 6
1152 1879 1387 1924 δείκνύται·
1423 1879 1497 1923 καὶ
1516 1876 1704 1939 τάληθὲς

278 1941 338 1989 οὔ
364 1947 451 1989 πᾶν
474 1944 643 1988 οἰκεῖον.
701 1941 768 1988 ὅτι
793 1942 831 1989 6’
851 1942 896 1998 ἐξ
914 1942 1155 2004 ἀναγκαίων
1175 1941 1280 1990 εἶναι
1304 1947 1371 1990 δεῖ
1394 1941 1470 1990 τὸν
1498 1947 1703 2005 συλλογι-

217 2066 220 2067 ⁷
279 2008 406 2068 σμόν,
441 2007 634 2069 φανερὸν
657 2010 732 2054 καὶ
762 2010 808 2055 ἐκ
834 2013 980 2055 τῶνδε.
1039 2012 1075 2056 εἰ
1102 2008 1184 2070 γάρ
1215 2009 1239 2056 ὁ
1260 2008 1320 2072 μὴ
1344 2010 1448 2092 ἔχων
1466 2009 1600 2070 λόγον
1618 2013 1704 2091 τοῦ

180 2086 235 2103 ·““
279 2073 352 2121 δια
373 2076 415 2120 τί
433 2073 574 2136 οὔσης
594 2074 850 2131 αποδείξεως
872 2074 971 2121 οὐκ
976 2076 1236 2158 ἑπιστήμῳν,
1271 2078 1336 2137 εἴη
1358 2074 1396 2121 6'
1409 2073 1462 2121 α“ν
1481 2073 1586 2121 ω’στε
1604 2073 1653 2121 τὸ
1671 2079 1704 2120 Α

280 2159 389 2186 κατα
419 2145 503 2186 τοῦ
535 2144 580 2185 Γ
603 2139 702 2196 ἑξ’
675 2140 862 2203 ανάγκης
893 2140 1116 2224 ὑπάρχειν,
1158 2141 1209 2188 τὸ
1231 2139 1282 2188 δε
1311 2145 1348 2186 Β
1374 2140 1426 2188 τό
1460 2142 1606 2201 μέσον,
1650 2139 1704 2186 δι’

230 2224 264 2251 so
281 2211 338 2253 οὑ
321 2196 934 2290 άπεδείχθη,μὴέξοῖνάγκης,
947 2226 1031 2253 ουκ
1042 2205 1130 2254 οἶδε
1142 2208 1263 2254 διότι.
1299 2225 1356 2254 ου
1374 2207 1455 2268 γάρ
1468 2208 1554 2253 ἐστι
1572 2211 1704 2253 τοῦτο

280 2271 351 2319 δια
382 2271 433 2318 τὸ
463 2271 705 2333 μέσον·τὸ
735 2291 811 2332 μεν
838 2272 921 2333 γὰρ
950 2274 1157 2334 ἐνδέχεται
1187 2272 1245 2336 μὴ
1276 2279 1396 2328 εἰναι,
1429 2271 1480 2320 τὸ
1512 2274 1558 2319 δὲ
1590 2283 1704 2332 συμ-

279 2339 479 2424 πέρασμα
508 2338 756 2399 αναγκαῖον.
814 2339 872 2384 ε’τι
894 2341 1014 2395 εἴτις
1043 2359 1102 2401 μη
1129 2336 1217 2386 οἶδε
1246 2343 1331 2386 νῦν
1357 2340 1462 2398 ἔχων
1481 2337 1556 2385 τὸν
1573 2339 1707 2399 λόγον

279 2406 353 2451 καὶ
378 2404 637 2464 σωζόμενος,
674 2405 923 2464 σωζομένου
944 2409 1028 2451 τοῦ
1049 2405 1313 2466 πράγματος,
1348 2403 1407 2467 μὴ
1430 2404 1706 2466 ἐπιλελησμέ-

370 2528 456 2563 74b1
485 2529 694 2567 ἰσοσκελοῦς
722 2529 769 2561 Μ.
794 2548 836 2553 -
860 2530 882 2562 2
905 2527 1041 2563 τούτου
1067 2542 1109 2573 pr
1135 2531 1182 2563 Μ.
1207 2547 1252 2553 -
1283 2531 1303 2563 3
1327 2527 1480 2572 τούτου]
1508 2528 1575 2562 τοῦ
1600 2529 1638 2582 A.
1663 2548 1708 2553 —

281 2570 304 2616 ἡ
330 2585 383 2606 om
413 2575 448 2607 F.
475 2594 516 2599 ——
543 2575 563 2607 7
589 2570 680 2607 αὐτὰ
710 2574 748 2606 F.
774 2593 819 2597 -
843 2570 884 2617 ἃ]
912 2572 958 2607 τὰ
984 2575 1046 2606 Fu.
1071 2593 1114 2599 -—
1159 2575 1181 2606 8
1204 2571 1250 2607 τὰ
1275 2573 1314 2607 δὲ
1342 2575 1377 2606 F.
1404 2593 1449 2599 -
1486 2575 1527 2606 10
1550 2572 1708 2615 ὑπάρχει

281 2629 323 2661 pr
349 2618 417 2653 AF
445 2638 483 2643 —
522 2620 560 2651 13
592 2617 724 2652 θετέον
758 2630 837 2650 corr
864 2620 901 2651 C.
925 2637 971 2642 —-
1014 2619 1053 2651 16
1087 2616 1377 2658 οἷποδεικνύντας
1407 2630 1441 2651 π.
1474 2637 1519 2642 -
1551 2619 1596 2650 22
1618 2616 1705 2671 ἐὰν]

281 2661 344 2696 καὶ
368 2658 427 2696 dez
454 2664 500 2696 Μ.
525 2682 570 2687 —
600 2664 644 2696 24
669 2663 717 2694 alt
740 2663 781 2696 τὸ
808 2670 842 2694 et
864 2664 908 2695 25
913 2661 989 2717 τὸ]
1018 2663 1067 2708 τῷ
1093 2675 1127 2703 π,
1153 2675 1194 2706 pr
1219 2664 1331 2696 BCuc.
1356 2682 1401 2688 —
1423 2663 1466 2696 26
1490 2663 1565 2718 1πᾶν
1595 2660 1627 2695 δ’
1651 2662 1707 2696 οἰ·-

281 2709 383 2741 κεῖον
407 2707 445 2738 F.
470 2726 513 2731 —
537 2708 608 2751 δεῖ]
637 2705 681 2751 δὴ
707 2719 806 2740 ⁷1.—
833 2707 876 2739 29
900 2697 1078 2751 ὑπάρχειν
1105 2720 1143 2750 pr
1169 2719 1223 2740 om
1246 2719 1280 2741 u.
1305 2726 1349 2732 —
1374 2709 1416 2741 33
1442 2706 1502 2741 καὶ
1526 2718 1581 2740 om
1603 2718 1638 2740 π.
1662 2724 1705 2731 -

284 2748 487 2794 σωζόμενον
510 2764 587 2784 coxr
610 2764 642 2785 η.
671 2770 712 2775 -
735 2752 815 2794 τοῦ]
841 2749 880 2786 δε
903 2752 970 2786 τοῦ
998 2754 1045 2785 Μ.
