1780 3132
591 226 879 261 ΤΣΤΕΡΩΝ
907 229 947 261 Β.
1461 226 1515 265 53

55 324 164 373 κατὰ
175 329 260 373 τοῦ
270 325 454 383 δίποδος
464 322 568 372 οὔτε
585 329 722 372 τοῦτο
733 323 844 372 κατὰ
856 329 942 372 τοῦ
962 324 1097 391 ζῴου,
1116 323 1225 372 οὐδὲ
1235 322 1292 388 δὴ
1304 322 1414 371 κατά
1429 328 1514 371 τοῦ

56 394 268 442 ἐπιπέδου
296 390 349 440 τὸ
366 396 538 456 σχῆμα·
583 390 646 440 ου’
663 392 746 455 γάρ
770 393 858 440 ἐστι
879 391 931 440 τὸ
957 394 1162 441 ἐπίπεδον
1186 396 1359 456 σχῆμα,
1404 390 1513 440 ου’δὲ

55 460 108 509 τὸ
130 466 275 526 σχῆμα
294 461 507 508 &windam
552 460 612 507 ἔτι
639 461 786 521 ἕτερον
812 459 864 508 τό
894 462 937 508 τί
954 462 1044 508 ἐστι
1065 463 1138 508 καὶ
1167 457 1235 508 ὅτι
1256 461 1345 508 ἔστι
1363 458 1511 516 δεῖξαι.

56 528 83 577 ὃ
109 531 187 591 μὲν
216 522 305 576 οὖν
334 526 517 589 ὁρισμὸς
538 529 583 575 τί
602 529 690 576 ἐστι
720 532 873 593 δηλοῖ,
917 527 947 592 ἡ
975 530 1022 576 δὲ
1046 527 1267 586 άπόδειξις
1292 525 1402 592 ὅτιῆ
1426 528 1514 575 ἔστι
1547 547 1581 579 Ρ·
1593 533 1638 568 91

55 596 157 644 τόδε
176 594 286 643 κατὰ
303 599 434 643 τοῦδε
457 593 491 660 ἢ
514 594 600 643 οὐκ
620 597 746 643 ἔστιν.
783 597 936 657 ἑτέρου
957 598 1003 643 δὲ
1029 596 1152 659 ἑτέρα
1173 595 1406 654 ἀπόδειξις,
1438 594 1515 643 ἐὰν

54 663 115 728 μὴ
147 662 210 722 ὥς
230 665 366 725 μέρος
386 657 418 725 ᾗ
437 682 478 711 τι
508 668 588 727 τῆς
616 662 737 729 ὅλης.
800 669 935 712 τοῦτο
966 666 1166 727 δὲλέγω,
1211 662 1277 711 ὅτι
1301 665 1515 712 δέδεικται

53 730 105 780 τὸ
141 732 362 789 ἰσοσκελὲς
396 731 484 779 δύο
509 730 685 794 ὀρθαῖς,
713 734 751 779 εἰ
774 736 866 779 πᾶν
884 733 1096 794 τρίγωνον
1117 733 1351 780 δέδεικται·
1382 732 1515 793 μέρος

53 800 158 863 γάρ,
190 798 243 847 τὸ
279 798 319 847 δ’
355 797 475 847 ὅλον.
529 804 668 847 ταῦτα
698 802 745 847 δὲ
774 798 888 862 πρὸς
918 798 1091 864 ἄλληλα
1125 799 1211 847 οὐκ
1243 801 1325 862 ‹fc-'xa
1355 797 1512 858 οὕτως,
1529 817 1547 846 5

52 866 105 915 τὸ
130 866 195 915 ὅτι
216 869 303 915 ἔστι
325 869 397 913 καὶ
417 869 461 914 τί
480 868 615 915 ἐστιν·
647 866 708 916 οὔ
726 868 808 930 γάρ
831 869 921 915 ἐστι
942 869 1143 928 θατέρου
1162 867 1353 929 θάτερον
1368 869 1513 930 μέρος.

156 933 361 997 Φανερὸν
380 933 466 994 ἄρα
487 933 554 982 ὅτι
575 933 680 983 οὔτε
700 929 761 983 οὗ
780 934 987 998 ὁρισμός,
1020 936 1188 984 τούτου
1207 935 1374 994 παντὸς
1395 935 1512 983 άπό-

53 1001 196 1062 δειξις,
231 1002 333 1050 οὔτε
346 997 407 1050 αὖ
416 1002 652 1061 ἀπόδειξις,
672 1003 838 1051 τούτου
856 1002 1021 1062 παντὸς
1030 1003 1214 1066 ὁρισμός
1225 1023 1235 1031 ·
1271 1001 1380 1051 ὥστε
1398 1001 1515 1062 ὅλως

53 1075 139 1118 τοῦ
162 1069 309 1118 αὐτοῦ
321 1069 507 1129 οὐδενὸς
519 1071 731 1133 ἐνδέχεται
745 1069 878 1134 ἄμφω
890 1072 1010 1133 ἔχειν.
1056 1070 1317 1134 ὥστεδῆλον
1329 1069 1392 1129 οἷς
1403 1070 1514 1119 οὐδὲ

55 1137 241 1200 ὁρισμὸς
280 1140 356 1185 καὶ
402 1136 624 1196 άπόδειξις
666 1138 769 1186 οὔτε
814 1137 867 1186 τὸ
913 1138 1025 1186 αὐτὸ
1070 1137 1125 1186 ἂν
1170 1141 1238 1201 εἴη
1283 1137 1386 1186 οὔτε
1421 1138 1509 1186 θά-
1528 1156 1563 1184 10

51 1224 178 1267 τερον
197 1207 242 1253 ἐν
258 1206 434 1271 θατέρῳ
447 1224 456 1233 ·
492 1208 565 1273 καὶ
585 1205 669 1268 γὰρ
689 1204 744 1252 ἂν
762 1203 815 1252 τά
837 1203 1103 1267 ὑποκείμενα
1125 1205 1288 1268 ὁμοίως
1306 1203 1429 1269 εἶχεν.

156 1277 312 1320 Ταῦτα
342 1274 421 1334 μὲν
453 1274 538 1320 οὐν
571 1274 692 1335 μέχρι
726 1273 895 1321 τούτου
927 1275 1223 1338 διηπορήσθω
1239 1292 1248 1302 ·
1293 1279 1378 1322 τοῦ
1406 1276 1453 1322 δὲ
1471 1275 1514 1321 τί
1540 1274 1573 1318 4

51 1341 139 1388 ἐστι
157 1340 345 1402 πότερον
363 1341 451 1388 ἔστι
471 1339 768 1404 συλλογισμὸς
787 1342 862 1388 καὶ
881 1340 1105 1400 άπόδειξις
1132 1339 1160 1406 ἢ
1181 1340 1270 1389 οὔκ
1289 1343 1393 1398 ἔστι,
1427 1362 1510 1389 κα-

49 1408 196 1470 θάπερ
216 1413 303 1456 νῦν
322 1407 348 1455 ὁ
368 1408 500 1470 λόγος
518 1407 712 1456 ὑπέθετο
723 1428 739 1463 ,·
773 1407 798 1456 ὁ
817 1410 896 1469 μὲν
915 1408 999 1472 γάρ
1021 1408 1321 1471 συλλογισμὸς
1341 1412 1381 1457 τὶ
1400 1410 1512 1457 κατά

48 1496 167 1534 τινος
188 1478 386 1524 δείκνυσι
409 1475 482 1523 διὰ
502 1481 586 1524 τοῦ
603 1478 767 1538 μέσου·
801 1475 854 1524 τὸ
877 1479 924 1524 δὲ
945 1480 988 1524 τί
1005 1480 1120 1525 ἐστιν
1143 1479 1259 1525 ἴδιόν
1276 1497 1335 1536 τε,
1371 1481 1446 1526 καὶ
1467 1479 1512 1526 ἐν
1528 1498 1562 1526 15

49 1549 111 1611 τῷ
130 1546 174 1592 τί
204 1545 292 1592 ἐστι
317 1551 628 1607 κατηγορεῖται.
683 1549 824 1592 ταῦτα
855 1543 895 1592 δ’
924 1544 1095 1609 ἀνάγκη
1115 1544 1426 1608 άντιστρέφειν.
1474 1548 1513 1594 εἰ

49 1611 134 1675 γὰρ
153 1610 254 1658 τὸΑ
273 1617 358 1659 τοῦ
376 1616 422 1658 Γ
436 1614 564 1669 ἴδιον,
599 1616 741 1675 δῆλον
764 1610 830 1659 ὅτι
853 1614 1033 1660 καὶτοῦ
1053 1618 1090 1660 Β
1110 1615 1184 1660 καὶ
1205 1618 1341 1661 τοῦτο
1361 1618 1511 1672 τοῦΓ,

51 1677 162 1726 ὥστε
181 1679 323 1727 πάντα
341 1679 561 1743 ἀλλήλων.
608 1678 720 1726 άλλά
755 1678 845 1744 μὴν
875 1682 949 1727 καὶ
979 1683 1018 1728 εἰ
1046 1679 1098 1729 τὸ
1122 1686 1160 1728 Α
1183 1682 1228 1729 ἐν
1254 1686 1315 1749 τῷ
1336 1683 1379 1729 τί
1396 1684 1512 1730 ἐστιν

49 1745 236 1808 ὑπάρχει
265 1749 393 1794 παντὶ
416 1751 477 1813 τῷ
498 1751 557 1805 Β,
602 1749 677 1794 καὶ
707 1747 916 1795 καθόλου
946 1747 997 1795 τὸ
1020 1753 1058 1796 Β
1087 1748 1251 1808 παντὸς
1287 1754 1371 1797 τοῦ
1396 1754 1444 1797 Γ.
1464 1751 1511 1797 ἐν

49 1819 114 1880 τῷ
146 1816 188 1861 τί
219 1816 307 1862 ἐστι
337 1815 515 1876 λέγεται,
550 1813 716 1879 α’νάγκη
749 1817 824 1862 καὶ
857 1814 908 1862 τὸ
929 1821 967 1862 Α
1001 1818 1047 1864 ἐν
1081 1821 1146 1882 τῷ
1179 1818 1222 1864 τί
1251 1818 1339 1864 ἐστι
1367 1822 1451 1865 τοῦ
1470 1822 1562 1867 Γρο

47 1883 266 1944 λέγεσθαι.
311 1884 350 1930 εἰ
368 1884 414 1930 δὲ
435 1882 495 1946 μὴ
516 1880 636 1930 οὕτω
657 1902 723 1941 τις
742 1882 930 1946 λήψεται
954 1884 1192 1943 διπλώσας,
1229 1884 1317 1932 οὔκ
1340 1884 1510 1951 ἀνάγκη

47 1950 164 1997 ἔσται
184 1948 234 1997 τὸ
256 1954 293 1996 Α
314 1955 399 1997 τοῦ
421 1954 467 1997 Γ
480 1957 823 2015 κατηγορεῖσθαι
856 1952 901 1998 ἐν
918 1955 979 2017 τῷ
999 1954 1042 2000 τί
1060 1954 1186 2010 ἐστιν,
1241 1954 1278 2000 εἰ
1299 1952 1350 2000 τὸ
1370 1955 1451 2015 μὲν
1471 1959 1509 2001 Α

46 2022 130 2065 τοῦ
148 2021 186 2064 Β
209 2018 252 2065 ἐν
270 2023 334 2084 τῷ
355 2020 397 2065 τί
413 2019 526 2076 ἐστι,
570 2017 631 2082 μὴ
659 2017 764 2066 καθ’
786 2017 904 2066 ὅσων
926 2021 973 2066 δὲ
1002 2018 1053 2067 τὸ
1073 2024 1111 2068 Β
1143 2022 1189 2068 ἐν
1215 2025 1280 2087 τῷ
1308 2022 1352 2068 τί
1379 2023 1505 2069 ἐστιν.

46 2084 97 2133 τὸ
120 2087 167 2132 δὲ
200 2086 242 2133 τί
271 2086 386 2134 ἐστιν
419 2085 553 2148 ἄμφω
579 2091 719 2134 ταῦτα
745 2085 838 2143 ἕξει.
895 2088 1013 2135 ἔσται
1044 2087 1131 2148 ἄρα
1153 2090 1229 2135 καὶ
1260 2087 1311 2135 τὸ
1336 2093 1373 2135 Β
1396 2088 1507 2136 κατὰ

46 2157 132 2200 τοῦ
151 2157 201 2207 Π
234 2151 286 2200 τὸ
314 2156 356 2201 τί
374 2155 501 2202 ἐστιν.
556 2156 594 2201 εἰ
616 2153 672 2218 δὴ
692 2153 742 2201 τὸ
759 2156 802 2200 τί
823 2155 913 2201 ἐστι
932 2158 1007 2203 καὶ
1028 2155 1079 2203 τὸ
1102 2157 1144 2202 τί
1156 2149 1212 2219 ἧν
1236 2153 1345 2203 εἶναι
1374 2155 1507 2220 ἄμφω
1523 2177 1558 2205 25

48 2221 144 2282 ἔχει,
175 2221 241 2267 ἐπὶ
262 2227 347 2268 τοῦ
367 2223 508 2282 μέσου
536 2223 655 2268 ἔσται
677 2222 890 2283 πρότερον
915 2222 967 2270 τὸ
991 2225 1034 2271 τί
1056 2217 1112 2287 ἧν
1138 2222 1259 2271 εἶναι.
1308 2222 1424 2283 ὅλως
1446 2244 1504 2284 τε,

48 2289 88 2335 εἰ
97 2289 183 2335 ἔστι
195 2287 329 2344 δεῖξαι
348 2291 391 2335 τί
403 2290 517 2336 ἐστιν
537 2287 800 2349 ἄνθρωπος·
837 2291 943 2338 ἔστω
961 2290 1013 2338 τὸ
1036 2297 1082 2339 Γ
1097 2291 1348 2351 ἅνθρωπος,
1383 2291 1434 2340 τὸ
1458 2295 1506 2340 δὲ

46 2360 85 2402 Α
97 2354 149 2402 τὸ
169 2357 212 2402 τί
239 2356 376 2415 ἐστιν,
408 2359 488 2404 εἴτε
512 2360 624 2424 ζῷον
644 2359 807 2404 δίπουν
826 2356 898 2404 εἴτ’
922 2357 1034 2406 ἄλλο
1055 2379 1108 2407 τι.
1162 2362 1200 2407 εἰ
1217 2361 1369 2407 τοίνυν
1392 2366 1504 2408 συλ-

44 2428 268 2486 λογιεῖται,
303 2423 615 2489 άνάγκηκατά
649 2430 736 2473 τοῦ
756 2429 794 2472 Β
814 2424 864 2473 τὸ
883 2430 921 2473 Α
952 2427 1115 2486 παντὸς
1148 2435 1502 2492 κατηγορεῖσθαι.

133 2573 178 2606 36
201 2570 289 2607 οὐδὲ
314 2571 379 2617 δὴ]
406 2569 493 2608 οὔτε
521 2575 563 2607 D.

133 2616 218 2651 9121
242 2614 285 2662 ἦ]
313 2619 349 2653 εἰ
369 2620 403 2661 d,
430 2621 536 2664 prM,
563 2631 619 2654 om
638 2632 672 2653 π.
698 2638 742 2644 ·-
769 2621 788 2653 3
815 2613 842 2666 ᾗ
867 2617 917 2661 ὥς
941 2623 1033 2664 τιΑ,
1055 2618 1081 2665 ἢ
1106 2620 1156 2662 ὥς
1177 2635 1213 2656 τι
1235 2623 1283 2666 Μ,
1312 2620 1502 2668 ἣαῗςρτᾰ.

47 2682 91 2688 -
114 2663 136 2695 4
160 2662 328 2699 δέδεκται
346 2666 397 2698 1).’
417 2685 459 2690 -
484 2667 506 2699 7
533 2674 568 2698 et
591 2667 613 2699 8
636 2663 787 2706 πάντως
814 2669 857 2700 D.
882 2686 927 2692 —-
952 2669 972 2701 9
999 2666 1160 2706 ον’θενὸς
1189 2670 1228 2701 D.
1244 2687 1287 2693 -—
1316 2672 1350 2702 l!
1381 2669 1419 2704 έν
1445 2682 1501 2703 om

47 2709 80 2742 d.
104 2726 150 2733 --
185 2706 278 2752 ἔχειν
302 2711 377 2749 Md,
403 2724 444 2754 pr
469 2713 512 2745 A.
539 2731 585 2737 -
620 2713 661 2746 12
686 2713 940 2757 διηπορείσθω
968 2715 1017 2747 Μ.
1041 2733 1086 2738 -
1124 2714 1165 2747 18
1187 2713 1268 2758 καὶ]
1292 2712 1362 2749 κᾶν
1388 2717 1431 2750 D.
1458 2736 1500 2741 —

48 2755 90 2788 19
114 2751 263 2811 ’ὑπάρχῃ
290 2756 334 2798 D,
358 2754 538 2802 ΰπάρχειν
560 2770 595 2790 π.
620 2777 665 2784 -
689 2756 747 2802 τὸ]
771 2759 839 2792 τοῦ
867 2759 917 2792 Μ.
941 2778 987 2784 -
1011 2760 1056 2792 20
1079 2759 1142 2793 καὶ
1169 2772 1223 2792 om
1244 2761 1294 2794 M.
1318 2780 1362 2787 —
1385 2763 1430 2796 24
1454 2760 1502 2806 δὴ

46 2800 156 2843 BMu,
180 2801 220 2835 δε
245 2813 325 2833 corr
348 2801 384 2843 d,
408 2814 450 2845 pr
475 2804 525 2844 D,
549 2815 586 2836 rc
610 2816 714 2847 supra
739 2816 776 2837 vs
801 2816 829 2837 c.
853 2824 898 2830 —
921 2802 968 2846 τὰ
994 2802 1091 2839 αὐτὰ
1113 2805 1147 2838 d.
1174 2825 1218 2831 -
1243 2803 1313 2849 ἕξε
1325 2820 1350 2842 ι.
1384 2807 1502 2843 ἔσται

46 2857 127 2879 corr
150 2857 185 2881 π.
209 2865 255 2872 -
277 2848 321 2881 25
345 2846 386 2882 δὲ
409 2859 444 2890 n,
468 2861 509 2893 pr
535 2850 577 2883 D.
603 2869 647 2876 —
677 2848 773 2886 εἶναι
797 2862 851 2884 om
882 2851 930 2885 M.
956 2869 1001 2875 —-
1025 2852 1070 2885 ‘26
1094 2847 1136 2886 τὸ
1164 2864 1219 2885 om
1244 2864 1278 2885 n.
