1872 3126
622 254 911 290 TOHJKszN
944 259 973 289 I.
1449 253 1529 293 257

63 355 228 416 ἐρωτᾶν
247 352 364 417 πλὴν
384 353 555 401 διδόναι
576 355 814 415 διαίρεσιν,
858 353 931 402 εἴτ’
951 352 1181 418 ἐρωτήσειέ
1203 370 1270 412 τις
1293 353 1375 400 εἰ”
1350 364 1438 401 εστι
1457 365 1529 401 σι-

62 427 205 486 γῶντα
230 423 369 485 λέγειν
396 420 437 486 ἢ
457 440 538 481 οι,
567 419 598 486 ἢ
617 423 705 469 ἔστι
725 424 804 484 μὲν
825 420 887 480 οἷς
909 421 991 480 οὔ,
1027 423 1115 469 ἔστι
1132 419 1173 468 δ’
1193 440 1256 479 ως
1272 422 1371 476 ναί,·
1413 423 1452 469 εἰ
1468 420 1528 486 δή
1543 440 1580 469 20

62 509 129 549 τις
148 492 249 554 δοίη
271 493 507 554 μηδαμῶς,
541 488 568 537 6
595 491 642 537 65
668 492 943 554 διαλεχθείη,
989 483 1059 551 ἆρ’
1087 487 1149 536 ου’
1176 486 1288 551 πρὸς
1315 487 1398 554 τήν
1429 490 1528 537 διά-

63 577 192 606 νοιαν
215 560 470 612 διείλεκται;
511 559 653 605 καίτοι
685 557 711 605 ὁ
741 558 872 621 λόγος
901 563 1024 605 δοκεῖ
1049 562 1136 604 τῶν
1164 557 1285 616 παρὰ
1306 555 1357 604 τὸ
1386 556 1530 618 ὄνομα

64 623 188 673 εἶναι.
227 625 315 672 οὐκ
329 625 414 686 ἄρα
434 626 522 673 ἐστὶ
540 627 665 687 γένος
682 645 722 672 τι
738 627 881 689 λόγων
890 624 950 673 τὰ
964 624 1080 687 πρὸς
1089 623 1172 688 τὴν
1183 625 1398 672 διάνοιαν.
1435 624 1530 672 ἀλλ’

63 695 107 740 οἱ
124 695 202 754 μὲν
224 691 340 754 πρὸς
358 692 556 754 τοῦνομά
573 695 670 752 εἰσι,
689 696 763 741 καὶ
786 698 986 741 τοιοῦτοι
1008 692 1068 741 οὐ
1089 692 1262 751 πάντες,
1293 692 1380 755 οὔχ
1399 690 1466 740 ὅτι
1486 693 1530 741 οἰ

63 762 250 823 ἔλεγχοι,
287 760 382 807 ἄλλ’
410 759 511 808 οιῗ’δ
541 763 584 809 οἱ
613 762 875 823 φαινόμενοι
903 763 1078 825 ἔλεγχοι.
1133 762 1216 808 εἰσὶ
1247 759 1330 844 γὰρ
1360 762 1434 808 καὶ
1464 759 1580 825 μήτε

62 828 184 888 παρὰ
212 827 295 911 τήν
327 828 442 885 λέξιν
468 829 731 891 φαινόμενοι
761 831 948 893 ἔλεγχοι,
998 834 1096 876 οἱον
1125 829 1169 876 οἳ-
1196 827 1318 891 παρα
1342 827 1393 876 τὸ
1412 842 1529 891 συμ-

62 894 252 960 βεβηκος
274 899 346 943 καὶ
366 898 514 958 ε’τεροι.

164 965 226 1011 Εἰ
259 965 308 1012 δέ
340 984 409 1022 τις
448 963 566 1020 ἀξιοῖ
597 969 800 1025 διαιρεῖν,
839 961 906 1012 ὅτι
938 964 1051 1025 λέγω
1085 964 1133 1010 65
1169 967 1358 1025 σιγῶντα
1387 963 1528 1024 λέγειν

65 1030 119 1078 τὰ
150 1033 229 1092 μὲν
257 1031 336 1079 ὡδὶ
360 1032 413 1079 τὰ
439 1031 477 1079 6'
497 1031 603 1079 0565·
651 1031 764 1079 ἄλλα
789 1034 926 1079 τοῦτό
947 1030 986 1094 γ’
1006 1032 1096 1079 ἐστὶ
1116 1036 1293 1092 πρῶτον
1320 1032 1400 1092 μὲν
1425 1029 1530 1078 ἄτο-

65 1116 154 1146 πον
179 1097 230 1146 τὸ
260 1098 417 1156 ἄξιοῦν
445 1099 600 1163 (ἐνίοτε
633 1099 719 1162 γάρ
753 1099 814 1148 οὔ
842 1104 967 1147 δοκεῖ
981 1098 1034 1146 τὸ
1056 1099 1338 1160 ἐρωτώμενον
1359 1102 1531 1146 πολλα·
1546 1118 1582 1147 30

65 1186 156 1229 χως
190 1167 320 1228 ἔχειν,
355 1167 579 1215 άδύνατον
612 1170 659 1215 δὲ
696 1172 879 1228 διαιρεῖν
911 1165 938 1214 6
970 1165 1032 1230 μὴ
1069 1168 1249 1228 οἷἐται)·
1299 1167 1443 1214 ἔπειτα
1476 1164 1530 1213 τὸ

66 1234 290 1282 διδάσκειν
323 1236 366 1281 τί
390 1234 500 1282 αλλο
530 1237 677 1289 ἐσταις
722 1232 920 1319 φανερὸν
951 1253 1035 1295 γαρ
1063 1234 1244 1297 ποιήσει
1273 1232 1333 1292 (ὃς
1360 1235 1443 1295 ἔχει
1469 1238 1532 1300 τῷ

64 1300 161 1365 μήτ’
201 1302 444 1369 ἑσκεμιιένῳ
484 1302 581 1366 μήτ’
620 1302 753 1350 εἰδότι
789 1301 898 1366 μήθ’
939 1300 1300 1363 ὑπολαμβάνοντι
1340 1299 1407 1348 ὅτι
1446 1299 1529 1348 αλ-

64 1374 152 1427 λως
177 1370 355 1437 λέγεται.
420 1371 510 1417 ἐπεὶ
536 1372 610 1417 καὶ
642 1372 687 1418 ἐν
714 1376 806 1428 τοῖς
834 1368 896 1433 μὴ
926 1373 1101 1427 διπλοῖς
1128 1371 1171 1416 τί
1200 1368 1364 1416 κωλυει
1392 1373 1530 1416 τοῦτο

64 1443 254 1491 παθεῖν;
298 1438 384 1498 ἀρα
391 1439 496 1485 ἴσαι
519 1440 563 1485 αἱ
583 1438 772 1499 μονάδες
796 1444 891 1495 ταῖς
916 1436 1119 1484 δυάσιν’
1099 1456 1145 1484 εν
1164 1443 1257 1494 τοῖς
1281 1438 1531 1505 τέτταρσιν,
1545 1455 1580 1483 85

65 1506 148 1551 εἶσὶ
170 1506 216 1551 65
239 1505 403 1590 δύάδες
427 1507 472 1552 αἱ
503 1507 581 1566 μὲν
602 1505 682 1552 ωδὶ
705 1507 889 1553 ἐνουσαι
920 1506 965 1551 αἱ
993 1506 1040 1551 65
1073 1503 1166 1551 ὡδί.
1219 1506 1294 1550 καὶ
1326 1506 1412 1565 ἀρα
1442 1508 1531 1551 τῶν

66 1573 269 1619 ἐναντίων
301 1574 378 1633 μία
401 1570 656 1659 ἐπιστήμη
636 1571 666 1636 ἠ
689 1571 776 1620 οὔ·
761 1609 772 1626 ,
821 1574 909 1619 ἔστι
933 1570 972 1618 δ’
995 1572 1166 1618 ἐναντία
1182 1590 1236 1618 τα
1255 1573 1334 1632 μὲν
1356 1570 1530 1634 γνωστὰ

65 1658 119 1686 τα
146 1637 185 1686 δ’
207 1637 420 1701 άγνωστα.
457 1638 558 1687 τοῦτ’
576 1642 714 1687 ἔοικεν
735 1638 909 1702 αγνοεῖν
931 1636 959 1685 6
978 1643 1111 1686 τοῦτο
1131 1637 1312 1694 άξιων
1293 1637 1359 1685 ότι
1384 1639 1530 1700 ἕτερον

65 1705 115 1753 τὸ
133 1707 357 1753 διδάσκειν
373 1711 458 1754 τοῦ
476 1708 770 1769 διαλέγεσθαι,
804 1704 915 1753 καὶ
898 1704 962 1753 ότι
986 1709 1054 1753 δεῖ
1070 1704 1147 1752 τὸν
1165 1707 1245 1766 μὲν
1261 1707 1530 1754 διδάσκοντα
1544 1724 1568 1757 h

65 1772 127 1838 μὴ
150 1775 312 1833 ἐρωτᾶν
332 1772 426 1820 ἄλλ’
448 1773 588 1822 αὐτὸν
611 1778 728 1837 δῆλα
743 1781 899 1830 ποιεῖν,
928 1771 1007 1820 τὸν
1027 1771 1068 1820 δ’
1085 1774 1263 1834 ἐρωτᾶν.

156 1840 254 1888 Ἔτι
288 1840 338 1888 τὸ
373 1841 517 1903 φάναι
551 1840 580 1905 ἢ
603 1841 832 1904 ἀποφάναι
850 1840 1022 1897 άξιοῦν
1044 1840 1102 1888 οὕ
1126 1839 1381 1898 δεικνύντος
1401 1840 1529 1897 ἐστίν,
1550 1841 1611 1885 ll

67 1907 179 1955 αλλα
221 1915 379 1970 πεῖραν
419 1910 747 1971 λαμβάνοντος.
796 1908 826 1972 ἡ
855 1928 937 1971 269
968 1908 1227 1971 πειραστική
1266 1905 1355 1955 ἔστι
1382 1911 1528 1955 διαλε-

67 1976 192 2040 κτική
223 1995 290 2034 τις
307 1978 381 2023 καὶ
400 1982 563 2037 θεωρεῖ
585 1976 645 2024 ov’
667 1975 749 2035 τὸν
771 1976 917 2024 εἰδότα
939 1974 1052 2022 αλλα
1079 1974 1160 2023 τὸν
1181 1994 1434 2038 αγνοουντα
1454 1976 1531 2022 καὶ
1545 1989 1564 2018 5

65 2043 464 2105 προσποιούμενον.
501 2043 528 2092 6
548 2046 626 2106 μὲν
645 2064 730 2092 ουν
750 2043 861 2095 κατὰ
872 2042 924 2091 τὸ
943 2048 1121 2105 πρᾶγμα
1138 2048 1324 2103 θεωρῶν
1335 2041 1388 2089 τὰ
1401 2062 1530 2090 κοινα

0 2135 3 2140 ¹
66 2111 348 2169 διαλεκτικός,
384 2110 410 2159 6
439 2114 486 2159 65
509 2117 646 2160 τοῦτο
674 2113 952 2174 φαινομένως
968 2125 1114 2157 ποιων
1131 2109 1404 2172 σοφιστικός.
1456 2111 1531 2156 καὶ

66 2177 365 2241 συλλογισμὸς
399 2178 619 2240 ἐριστικός
648 2181 722 2226 καὶ
751 2177 1011 2249 σοφιστικός
1038 2178 1152 2224 ἐστιν
1183 2183 1246 2235 εἰς
1275 2178 1354 2237 μὲν
1374 2175 1400 2223 6
1420 2195 1530 2238 φαι-

0 2265 2 2272 ·
66 2245 253 2306 νόμενος
273 2246 620 2308 συλλογιστικός,
645 2248 744 2306 περὶ
763 2249 828 2293 ων
843 2244 874 2309 ἡ
893 2243 1143 2307 διαλεκτικὴ
1160 2243 1416 2308 πειραστική
1429 2245 1532 2301 ἐστι,

67 2331 151 2360 καν
181 2311 347 2377 ἄληθες
373 2311 424 2361 τὸ
454 2315 747 2376 συμπέρασμα
774 2306 828 2375 ἦ·
868 2317 954 2360 τοῦ
979 2331 1065 2375 γαρ
1095 2311 1168 2359 διὰ
1197 2313 1240 2359 τί
1265 2310 1533 2376 απατητικός
1547 2326 1583 2354 10

161 2508 202 2541 19
227 2506 314 2552 πρὶν
336 2519 371 2550 u,
395 2506 471 2539 fort
497 2519 538 2550 pr
561 2519 587 2539 c.
612 2525 658 2533 —
690 2505 844 2542 διδόντα
872 2508 908 2541 C.
941 2524 988 2532 —
1019 2506 1198 2563 διαίρεσιν
1225 2518 1304 2538 corr
1329 2517 1356 2538 c.
1381 2524 1426 2530 —
1450 2501 1531 2539 εἶτα

68 2565 111 2596 pr
139 2553 177 2592 G,
199 2565 278 2586 corr
305 2554 346 2586 B.
370 2570 416 2576 ——
441 2553 486 2585 20
509 2552 588 2596 ναί]
615 2550 661 2588 οὔ
689 2555 725 2586 T.
749 2573 796 2578 —
832 2554 876 2585 92
899 2553 1022 2586 καίτοι
1046 2547 1156 2591 οὗτος
1180 2550 1200 2586 ὁ
1231 2553 1270 2585 Τ.
1306 2570 1350 2575 -
1385 2551 1430 2583 23
1455 2546 1531 2584 ἀλλ’

111 2597 216 2640 .εἰσι]
240 2595 328 2632 ἄλλο
350 2610 426 2631 των
458 2598 553 2635 (ταῖν
580 2599 638 2641 rc)
669 2596 763 2644 πρὸς
793 2596 985 2654 τοῦνομα.
1009 2622 1018 2630 .
1039 2623 1047 2630 .
1074 2609 1102 2630 c.
1133 2617 1178 2622 —
1212 2598 1255 2630 24
1280 2596 1402 2630 καίτοι
1426 2590 1534 2630 οὗτοι

8 2648 11 2650 ’
68 2643 189 2684 Au'1f‚
214 2654 254 2684 pr
281 2644 318 2683 C,
342 2643 404 2678 καὶ
429 2637 534 2678 οὗτοι
559 2656 600 2700 pr
624 2656 650 2678 c
676 2664 721 2670 —
745 2646 789 2678 25
815 2641 908 2678 ἀλλ’.
943 2641 1059 2687 .ἒ’λεγχ
1062 2655 1098 2676 οι
1122 2654 1178 2675 om
1207 2643 1243 2675 C.
1268 2660 1314 2667 —
1337 2640 1386 2684 μὴ
1412 2653 1466 2674 om
1494 2642 1531 2676 G.

44 2699 114 2715 ·--
138 2688 182 2721 96
207 2686 227 2722 ὁ
253 2689 311 2721 cT.
339 2707 381 2714 —
413 2689 456 2722 29
482 2701 524 2732 pr
547 2687 614 2731 μὲν
639 2702 694 2722 om
726 2691 763 2723 Τ
799 2709 840 2715 -
874 2691 918 2722 30
942 2688 1113 2732 ποσαχῶς
1142 2689 1180 2720 C.
1213 2706 1260 2711 —-
1291 2688 1334 2719 33
1359 2685 1533 2744 ἐπισκεμ-

69 2733 165 2776 με’νῳ
189 2734 282 2776 (sic)
311 2734 347 2766 Τ.
384 2752 424 2757 -
457 2735 501 2767 35
523 2738 647 2769 ποιεῖν
677 2737 715 2769 Τ.
750 2754 796 2761 -
829 2738 911 2774 ταῖς
936 2733 1042 2769 δυσὶν
1068 2732 1175 2768 δυσὶν
1199 2745 1239 2775 pr
1260 2732 1295 2764 C.
1321 2751 1364 2757 —
1389 2731 1429 2767 ε’·ιι
1451 2734 1534 2772 ταῖς

71 2777 241 2823 τέτρασιν
270 2779 307 2811 Τ.
331 2796 375 2802 -
400 2776 613 2834 τέσσαρσιν
621 2781 658 2813 C.
686 2799 726 2805 -
754 2782 798 2815 36
824 2778 878 2824 δὲ]
905 2777 945 2814 δὲ
969 2779 1010 2814 αι
1034 2791 1060 2821 c,
1086 2790 1142 2811 om
1171 2779 1208 2811 Τ.

161 2823 276 2903 ἒῖΙΊὶζΞ
300 2823 446 2902 δῆῗὸν,
444 2825 482 2857 Τ.
508 2844 548 2849 -
573 2823 616 2860 τὸ
640 2826 735 2904 prTA.
760 2844 805 2852 —
828 2828 850 2860 5
874 2837 941 2866 τις.
974 2822 1035 2859 διὸ
1057 2822 1143 2870 περὶ
1166 2821 1319 2856 πάντων
1340 2820 1536 2858 ἐπισκοπεῖ

70 2867 134 2902 καὶ
189 2881 212 2902 ιι
281 2889 323 2895 -
420 2862 446 2914 ᾖ
468 2865 510 2904 τὸ
537 2881 636 2914 σνμπ

112 2921 1258 2958 11.17
