1806 3048
210 182 255 216 Vl
773 180 1119 216 PRAEFATIO.

209 285 455 340 propterea
467 281 588 338 quod
599 282 739 324 virum
761 280 894 323 valde
915 280 1136 323 eruditum
1154 281 1199 325 in
1218 284 1565 341 congregatione
1582 283 1691 342 phi-

210 347 464 405 lologorum
496 346 734 403 aliquando
763 346 807 386 in
837 345 968 388 aliam
988 348 1252 389 sententiam
1285 349 1585 406 disputantem
1603 351 1692 408 ipsi

211 412 455 455 audivimus
499 410 565 470 (v.
592 410 969 469 Verhandlungen
1001 412 1081 454 der
1109 413 1313 455 sechsten
1348 413 1692 473 Versammlung

211 477 446 520 deutscher
458 477 641 519 Philoll.
658 476 1004 519 undSchulmm.
1026 475 1334 522 Casse11844.
1360 481 1481 536 p.78
1495 496 1576 536 sq.,
1615 481 1692 523 ubi

209 543 399 585 Brandis
420 542 763 599 reprehenditur
782 542 902 598 quod
926 543 970 584 in
989 543 1254 586 collectione
1275 544 1544 587 scholiorum
1560 561 1692 602 quam

210 609 400 651 ediderit
433 609 597 650 variam
628 607 865 650 lectionem
898 623 986 650 non
1021 609 1299 652 adnotaverit
1325 626 1455 666 quam
1483 612 1692 653 lemmata

210 674 470 716 exhibeant:
508 672 563 713 de
584 674 731 729 pretio
763 674 880 716 enim
912 674 1033 730 quod
1063 675 1184 717 libris
1208 691 1307 717 mss.
1333 677 1615 718 statuendum
1638 677 1693 719 sit

210 740 396 781 maxime
429 737 714 780 iudicandum
750 755 847 782 esse
878 755 931 783 ex
964 741 1017 782 iis
1053 756 1165 796 quae
1202 741 1255 783 ab
1290 742 1400 798 ipsis
1435 742 1691 799 interpreti-

207 805 288 846 bus
323 803 492 862 graecis
535 819 619 861 pro
661 805 773 847 veris
809 806 1059 848 Aristotelis
1104 807 1248 848 verbis
1292 808 1444 849 habita
1487 809 1531 849 in
1567 822 1691 849 com-

209 869 433 912 mentariis
468 869 695 927 adscripta
719 868 856 928 sint).
927 871 1101 914 Deinde
1148 873 1270 929 quod
1304 874 1478 930 saepius
1515 873 1691 916 silentio

206 935 489 992 praeteriisse
524 936 737 987 videmur,
774 951 879 978 num
913 937 1021 992 quid
1056 938 1209 995 colligi
1245 940 1387 994 possit
1422 939 1690 981 delectione

207 1015 339 1057 quam
382 1001 644 1058 interpretes
680 1002 830 1059 graeci
872 1002 1106 1043 habuerint
1154 1017 1206 1044 ex
1249 1003 1300 1044 iis
1347 1018 1458 1058 quae
1501 1005 1587 1060 ipsi
1634 1004 1692 1045 de

207 1066 395 1124 singulis
438 1066 547 1107 locis
583 1067 837 1123 disputent,
886 1067 1126 1118 dicendum
1163 1073 1230 1109 est
1272 1068 1317 1109 in
1351 1068 1587 1111 afferendis
1623 1069 1692 1110 in-

206 1131 475 1190 terpretibus
508 1133 680 1190 graecis
715 1147 795 1174 nos
830 1133 891 1174 ita
929 1147 1106 1190 semper
1140 1140 1335 1175 versatos
1367 1149 1484 1186 esse,
1515 1140 1563 1175 ut
1592 1134 1691 1175 ubi-

210 1212 383 1254 cunque
418 1211 493 1239 eos
529 1212 617 1239 non
652 1198 1035 1251 nominaverimus,
1071 1198 1183 1240 nihil
1219 1199 1262 1239 in
1296 1199 1347 1240 iis
1382 1200 1690 1256 reperierimus

207 1263 327 1307 unde
360 1263 657 1305 coniecturam
702 1278 860 1320 capere
894 1264 1045 1322 liceret
1092 1264 1148 1306 de
1194 1265 1385 1305 lectione
1427 1279 1559 1320 quam
1605 1265 1692 1322 ipsi

209 1335 311 1372 ante
345 1329 499 1371 oculos
533 1328 782 1371 habuerint.
851 1329 1052 1384 Denique
1097 1329 1218 1386 quod
1254 1329 1440 1372 diximus
1476 1331 1522 1372 in
1555 1345 1690 1388 prae—

206 1395 377 1438 fatione
410 1395 549 1452 partis
583 1395 741 1452 prioris
776 1391 851 1451 (p.
881 1392 1000 1451 IX):
1038 1395 1238 1446 „scholia
1272 1395 1499 1437 inedita
1533 1396 1690 1452 quibus

207 1461 287 1504 ille
308 1457 552 1518 (Brandis)
576 1475 677 1502 usus
698 1466 765 1501 est
785 1460 987 1517 relegere
1011 1458 1269 1513 noluimus'',
1294 1461 1340 1503 id
1362 1462 1514 1518 plures
1540 1476 1691 1504 eorum

208 1527 285 1583 qui
328 1526 384 1569 de
429 1526 517 1567 hoc
564 1526 678 1567 libro
724 1525 933 1567 iudicium
972 1526 1173 1568 fecerunt
1206 1527 1322 1569 male
1355 1527 1691 1570 intellexerunt:

212 1606 404 1648 namque
438 1591 528 1633 hoc
563 1592 623 1633 ita
647 1597 764 1633 certe
792 1591 934 1648 accipi
959 1592 1193 1644 noluimus,
1229 1607 1279 1633 ac
1300 1593 1335 1635 si
1360 1592 1529 1634 scholia
1551 1607 1694 1649 neque

210 1658 362 1701 edita
404 1672 546 1713 neque
594 1656 826 1698 inedita
867 1657 1051 1713 integra'
1087 1657 1401 1715 relegerimus,
1448 1659 1538 1699 imo
1574 1657 1694 1700 edita

210 1724 357 1767 omnia
381 1723 759 1781 pertractavimus,
795 1736 1061 1778 quamquam
1087 1736 1175 1763 non
1210 1723 1291 1764 nisi
1319 1737 1452 1765 unum
1481 1730 1555 1764 aut
1581 1723 1691 1765 duos

213 1790 336 1832 locos
379 1789 427 1831 in
469 1789 521 1830 iis
556 1789 800 1830 invenimus
842 1787 961 1829 unde
1003 1786 1172 1843 aliquid
1208 1787 1308 1829 elici
1342 1788 1537 1844 potuerit
1570 1788 1694 1844 quod

210 1856 393 1898 alicuius
428 1855 642 1896 momenti
676 1860 790 1896 esset
832 1853 891 1895 ad
925 1852 1208 1895 Aristotelem
1253 1853 1342 1894 sive
1378 1853 1692 1910 explicandum

212 1922 303 1964 sive
348 1919 698 1963 emendandum:
742 1933 829 1974 qua
870 1918 928 1961 de
973 1933 1020 1960 re
1063 1918 1196 1960 facile
1240 1918 1321 1960 sibi
1362 1919 1694 1976 persuadebunt

212 1981 288 2044 qui
310 1993 352 2029 et
373 1986 709 2028 commentarios
730 1990 900 2027 nostros
921 1984 1190 2043 perlustrare
1213 1989 1256 2025 et
1276 1984 1539 2042 interpretes
1559 1999 1692 2043 grae-—

212 2068 288 2096 cos
323 2053 521 2110 integros
555 2052 756 2109 relegere
790 2051 940 2092 velint.
1009 2050 1136 2102 Quae
1180 2064 1314 2105 quum
1348 2050 1409 2091 ita
1444 2051 1551 2102 sint,
1598 2050 1695 2092 exi-·

211 2119 327 2167 miae
353 2118 608 2175 diligentiae
631 2117 824 2168 laudem,
859 2131 992 2173 quam
1018 2116 1064 2158 in
1087 2114 1358 2157 scholiorum
1386 2116 1695 2158 collectionem

213 2200 240 2227 a
273 2184 511 2226 Brandisio
545 2183 708 2225 factam
744 2183 1023 2235 contulimus,
1059 2195 1149 2223 non
1185 2181 1328 2222 solum
1362 2195 1450 2222 non
1479 2180 1696 2223 imminui-

215 2265 334 2303 mus,
385 2249 465 2292 sed
508 2249 598 2291 alta
641 2263 751 2291 voce
786 2249 1038 2306 repetimus.
1109 2245 1193 2288 Cui
1228 2245 1408 2302 quidem
1443 2244 1697 2288 collectioni

214 2330 318 2358 num
351 2315 471 2357 idem
504 2314 698 2373 pretium
726 2313 1007 2357 statuendum
1031 2313 1085 2355 sit
1117 2312 1163 2353 in
1196 2312 1248 2354 iis
1275 2326 1393 2367 quae*
1413 2325 1500 2353 non
1526 2310 1583 2352 ad
1609 2309 1699 2354 Or—

216 2396 403 2439 ganum,
441 2381 521 2423 sed
555 2380 614 2422 ad
648 2380 734 2422 alia
769 2379 1022 2421 Aristotelis
1058 2377 1223 2434 scripta
1256 2377 1498 2434 pertinent,
1536 2376 1699 2418 diiudi-

217 2452 318 2488 cent
352 2447 448 2488 alii:
503 2461 582 2489 nos
618 2452 737 2488 certe.
773 2445 829 2487 de
865 2460 917 2487 ea
950 2443 1216 2486 collectione
1252 2442 1348 2485 sola
1381 2442 1518 2484 locuti
1552 2456 1698 2484 sumus

218 2526 306 2568 qua
328 2512 492 2567 scripta
514 2512 661 2570 logica
684 2511 933 2554 Aristotelis
958 2510 1248 2567 explicantur.
1285 2507 1420 2560 Quod
1439 2520 1544 2549 vero
1567 2507 1700 2549 scho-

217 2577 279 2619 lia
318 2576 483 2618 inedita
528 2578 684 2633 quibus
719 2577 909 2619 Brandis
963 2591 1063 2618 usus
1107 2580 1173 2616 est
1223 2588 1312 2615 non
1357 2574 1701 2625 retractavimus,

217 2642 265 2685 id
299 2642 511 2684 vellemus
547 2658 636 2684 non
668 2642 968 2701 negligentiae
1010 2647 1187 2684 nostrae
1219 2639 1298 2681 sed
1334 2643 1586 2696 temporum
1619 2651 1700 2679 an-

218 2707 373 2766 gustiis
415 2707 627 2749 tributum
665 2715 803 2762 esset,
847 2707 969 2764 quod
1002 2721 1137 2764 quum
1181 2721 1207 2747 a
1240 2704 1367 2748 nobis
1406 2719 1494 2747 non
1527 2705 1588 2746 ita
1623 2715 1700 2744 ex-

218 2788 419 2832 pressum
454 2778 568 2815 esset
606 2774 652 2816 in
686 2775 964 2832 praefatione
999 2773 1159 2832 priori,
1194 2776 1244 2815 ut
1277 2777 1472 2814 nostram
1506 2769 1594 2827 ipsi
1627 2766 1701 2809 di-
