1800 3112
458 693 1260 786 PRAEFATIO.

102 913 356 994 Emisuro
390 946 506 989 mihi
540 946 730 987 alteram
767 943 943 1002 Organi
963 940 1239 985 Aristotelici
1275 945 1455 998 partem
1476 950 1622 995 pauca

100 1014 323 1070 quaedam
365 1029 413 1056 se
451 1012 713 1055 obtulerunt
750 1026 865 1068 quae
898 1009 1250 1068 praemitterem.
1322 1006 1390 1048 Ac
1425 1004 1625 1063 primum

99 1081 283 1136 quidem
321 1081 490 1139 gratias
526 1094 661 1137 agam
696 1078 802 1120 viris
839 1076 1109 1120 doctissimis
1138 1074 1214 1130 qui
1240 1073 1298 1116 de
1321 1071 1463 1130 priori
1487 1070 1623 1113 huius

104 1147 205 1190 libri
250 1154 382 1206 parte
416 1146 632 1189 iudicium
678 1145 906 1188 fecerunt:
958 1144 1235 1200 scripserunt
1284 1140 1404 1182 enim
1451 1139 1515 1181 ita
1558 1142 1623 1191 ut,

102 1214 211 1257 dum
257 1214 317 1257 de
357 1212 601 1256 Aristotele
637 1212 741 1270 ipso
786 1212 901 1255 bene
944 1214 1190 1261 mererent,
1238 1222 1363 1249 suam
1399 1221 1507 1265 erga
1550 1219 1624 1248 me

101 1282 467 1325 benevolentiam
494 1286 789 1323 testarentur:
825 1294 929 1322 nam
955 1292 1072 1334 quae
1096 1276 1157 1318 de
1182 1272 1436 1333 Categoriis
1460 1273 1622 1331 dispu-

102 1349 214 1392 tavit
233 1349 438 1408 Spengel
453 1346 742 1407 (Miinchner
759 1346 1035 1389 Gel.—Anzz.
1075 1341 1218 1393 1845).
1256 1338 1535 1399 n0.4sqq.)‚
1572 1355 1626 1383 ea

105 1424 152 1460 et
186 1417 289 1475 ipse
324 1417 480 1476 magni
517 1415 704 1458 aestimo
742 1420 787 1457 et
823 1412 1030 1456 omnibus
1066 1411 1142 1468 qui
1180 1409 1437 1452 Aristotelis
1473 1407 1625 1452 studio

103 1484 391 1527 delectentur
415 1489 631 1543 pergrata
656 1482 794 1525 fuisse
814 1493 1080 1539 persuasum
1104 1478 1268 1520 habeo.
1307 1477 1447 1520 Petiit
1473 1482 1625 1519 autem

103 1568 130 1595 a
165 1567 263 1606 me,
300 1558 349 1594 ut
385 1551 546 1594 clarius
582 1549 781 1592 dicerem
817 1547 941 1605 quod
977 1546 1012 1588 I.
1044 1546 1195 1604 p.XV
1218 1561 1284 1602 sq.
1323 1544 1381 1586 de
1417 1543 1625 1586 lectionis

104 1619 320 1661 varietate
346 1618 531 1676 scripsi:
566 1617 637 1659 cui
672 1622 721 1658 ut
746 1614 1018 1658 satisfaciam
1043 1613 1242 1671 primum
1264 1610 1514 1654 notandum
1542 1615 1624 1664 est,

106 1685 230 1743 quod
268 1699 352 1741 pro
390 1699 444 1727 eo
481 1683 604 1741 quod
640 1683 730 1724 dixi
767 1682 824 1724 de
861 1681 1056 1723 lectione
1092 1680 1205 1724 6a7
1241 1692 1364 1733 „non
1399 1678 1539 1721 habet
1573 1675 1625 1730 C,

106 1752 186 1795 sed
212 1748 281 1793 B’'
306 1751 548 1810 legendum
572 1756 640 1791 est
661 1763 783 1801 „non
804 1747 946 1790 habet
970 1745 1027 1800 B,
1064 1746 1146 1789 sed
1173 1740 1250 1788 δ”.
1301 1745 1479 1788 Deinde
1499 1745 1625 1803 quod

106 1819 352 1862 adiecimus
389 1818 502 1862 7b8
541 1822 585 1858 et
626 1816 765 1860 1532
804 1829 925 1868 „non
959 1814 1100 1856 habet
1135 1812 1204 1856 Β”
1250 1813 1314 1855 ita
1358 1813 1624 1872 intelligen—

106 1886 215 1929 dum
252 1891 334 1939 est,
367 1891 418 1928 ut
452 1892 598 1940 neque
632 1883 679 1925 in
708 1882 808 1925 cod.
830 1881 875 1924 B
902 1896 1048 1938 neque
1078 1882 1125 1923 in
1155 1880 1338 1937 reliquis
1362 1895 1388 1922 a
1406 1880 1624 1923 Bekkero

106 1953 284 1995 collatis
321 1952 572 2011 reperiatur
607 1949 730 2008 quod
767 1950 846 1993 ille
880 1949 1054 1992 notavit
1090 1946 1157 2006 (v.
1184 1949 1285 1990 lect.
1307 1947 1461 1991 variet.
1487 1962 1625 2005 quam

106 2020 314 2063 dedimus
335 2035 381 2078 p.
409 2020 504 2063 100
529 2024 574 2060 et
596 2034 642 2076 p.
669 2015 808 2075 120),
844 2024 893 2059 ut
927 2017 1147 2059 incertum
1173 2016 1230 2058 sit
1258 2015 1381 2058 unde
1403 2016 1484 2058 illa
1505 2015 1622 2058 hau—

106 2088 224 2131 serit.
294 2087 365 2130 Ea
399 2093 549 2128 autem
595 2100 712 2141 quae
749 2085 943 2127 diximus
980 2099 1027 2142 p.
1060 2082 1171 2126 XVI
1208 2082 1265 2125 de
1301 2083 1507 2125 lectionis
1542 2097 1623 2126 va-

106 2155 266 2198 rietate
312 2153 369 2196 ad
409 2153 583 2197 13b31
623 2152 821 2195 delenda
859 2158 983 2194 sunt:
1030 2167 1133 2194 nam
1179 2164 1295 2208 quae
1341 2151 1388 2192 in
1423 2150 1624 2193 Bekkeri

109 2222 306 2265 editione
342 2221 556 2278 leguntur
592 2219 650 2261 ad
686 2219 731 2261 h.
769 2220 797 2261 l.
834 2212 894 2278 „32¹
923 2217 982 2272 Β,
1016 2213 1068 2261 τὸ
1105 2214 1178 2260 (Si-3⁵
1213 2233 1299 2276 pro
1335 2217 1501 2260 mendo
1536 2216 1622 2260 ha-

106 2288 257 2331 benda
293 2293 419 2340 sunt,
462 2285 586 2343 quod
632 2287 695 2329 ita
742 2286 1059 2345 corrigendum
1102 2291 1169 2328 est
1196 2291 1261 2328 ·ut
1315 2285 1493 2344 legatur
1537 2278 1621 2345 ,,ἢ]

105 2350 156 2398 τὸ
190 2351 263 2398 ὄὲ”
286 2385 295 2395 .
316 2386 326 2395 .
345 2385 355 2395 .

240 2421 421 2477 Deinde
455 2436 601 2479 pauca
636 2420 860 2477 quaedam
902 2419 1013 2463 mihi
1049 2419 1392 2479 praemonenda
1427 2424 1530 2462 sunt
1564 2419 1623 2463 de

106 2490 159 2532 iis
196 2503 311 2546 quae
346 2489 404 2531 de
439 2488 528 2530 hoc
565 2488 681 2530 libro
718 2495 764 2530 et
800 2487 935 2530 docte
973 2494 1018 2530 et
1055 2494 1186 2530 acute
1222 2486 1432 2528 disseruit
1453 2486 1621 2530 Bonitz

107 2554 238 2618 (den.
261 2556 449 2615 Littztg.
476 2555 619 2601 1845.
642 2552 980 2612 no.21‘2sqq.).
1025 2555 1227 2597 Primum
1257 2553 1367 2595 dicit
1388 2568 1479 2596 non
1504 2568 1620 2612 opus

107 2623 244 2666 fuisse
278 2629 327 2665 ut
360 2624 702 2681 probaverimus
739 2622 966 2675 lemmata,
1003 2637 1118 2678 quae
1143 2621 1360 2673 dicantur,
1395 2621 1458 2663 ita
1493 2636 1620 2664 com-

107 2696 268 2748 parata
296 2705 393 2734 esse
421 2698 470 2733 ut
496 2691 612 2733 nihil
637 2691 747 2732 certi
778 2705 834 2733 ex
861 2690 914 2732 iis
941 2690 1160 2748 colligere
1182 2689 1316 2732 liceat
1345 2688 1404 2731 de
1427 2689 1622 2733 lectione

106 2771 223 2813 quae
258 2756 304 2798 in
338 2763 597 2802 contextum
629 2757 893 2816 recipienda
927 2757 996 2799 sit.
1066 2756 1204 2811 Quod
1240 2771 1513 2814 quamquam
1539 2772 1620 2800 ve-

106 2823 329 2868 rissimum
365 2830 456 2880 est,
505 2832 657 2869 tamen
700 2825 792 2868 hoc
826 2823 1032 2883 pluribus
1067 2824 1366 2883 comprobare
1398 2824 1622 2869 voluimus
