1812 3068
342 249 395 286 98
882 246 1159 279 ΤΟΠΙΚΩΝ
1187 247 1221 278 Α.

342 344 539 405 ἀνδρείας
565 346 637 389 καὶ
663 342 876 404 φρόνησις
903 341 1195 404 σωφροσύνης
1226 344 1382 402 (ταῦτα
1407 338 1490 401 γὰρ
1517 338 1682 386 ἅπαντα
1710 340 1757 386 ἐκ

341 416 425 458 τοῦ
443 409 583 456 αὐτοῦ
609 409 761 470 γένους
789 408 944 467 ἐστίν),
986 410 1058 454 καὶ
1088 406 1135 463 ἐξ
1160 407 1299 454 ἄλλου
1321 404 1432 467 πρὸς
1461 404 1567 452 ἄλλο
1588 410 1672 452 τῶν
1694 404 1753 468 μὴ

342 475 459 524 πολύ
478 477 576 521 λίαν
593 473 896 535 διεστηκότων,
931 472 1024 521 οἷον
1053 476 1134 520 τίνι
1165 476 1369 535 αἴσθησις
1389 472 1645 534 ἐπιστήμης·
1691 473 1758 517 ἐπὶ

312 545 420 604 ὁμὲν
461 538 543 602 γὰρ
571 545 656 586 τῶν
700 539 816 587 πολὺ
859 540 1142 603 διεστηκότων
1183 540 1417 601 κατάδηλοι
1458 542 1673 594 παντελῶς
1715 538 1759 582 αἱ

345 607 566 668 διαφοραί.

267 677 327 720 ΙΊ
450 670 545 734 Τὴν
574 672 620 716 δὲ
648 670 878 733 ὁμοιότητα
907 671 1110 718 σκεπτέον
1141 671 1209 716 ἐπί
1235 689 1277 717 τε
1315 674 1400 716 τῶν
1436 670 1480 715 ἐν
1505 670 1661 729 ἑτέροις
1688 668 1759 729 γέ-

343 749 481 794 νεσιν,
525 735 584 794 ῶς
619 737 760 797 ἕτερον
795 735 905 797 πρὸς
932 737 1072 799 ἕτερόν
1097 755 1160 793 τι,
1206 735 1346 794 οὕτως
1371 734 1477 782 ἄλλο
1506 734 1619 796 πρὸς
1639 733 1758 790 ἄλλο,

344 802 437 850 οἷον
456 802 514 860 ῶς
535 804 741 866 ἐπιστήμη
762 802 872 864 πρὸς
892 802 1136 866 ἐπιστητόν,
1182 801 1320 859 οὕτως
1342 804 1546 864 αἴσθησις
1563 799 1673 861 πρὸς
1693 802 1759 846 αἰ-

296 889 329 915 10
345 869 532 932 σθητόν·
575 871 648 915 καὶ
677 868 735 926 ῶς
761 870 902 930 ἕτερον
923 871 967 922 ἐν
994 870 1120 934 ἑτέρῳ
1140 871 1244 926 τινί,
1280 866 1420 925 οὕτως
1442 867 1548 914 ἄλλο
1567 868 1611 913 ἐν
1631 865 1760 931 ἄλλῳ,

345 934 438 983 οἷον
466 934 524 992 ῶς
553 933 657 992 ὄψις
685 937 729 982 ἐν
760 935 1001 1002 ὀφθαλμῷ,
1035 941 1143 992 νοῦς
1172 937 1215 982 ἐν
1243 939 1388 996 ψυχῇ,
1421 937 1495 980 καὶ
1516 933 1574 990 ὡς
1595 933 1762 995 γαλήνη

345 1004 389 1049 ἐν
416 1002 645 1061 θαλάσσῃ,
677 1003 854 1065 νηνεμία
882 1004 926 1049 ἐν
953 1001 1058 1063 ἀέρι.
1105 1001 1287 1062 μάλιστα
1315 1000 1353 1048 δ’
1381 1002 1424 1047 έν
1451 1006 1540 1057 τοῖς
1558 997 1673 1046 πολύ
1695 1002 1761 1045 δι-

344 1073 496 1115 εστῶσι
518 1066 813 1129 γυμνάζεσθαι
835 1071 918 1115 δεῖ·
953 1069 1063 1133 ῥᾷον
1088 1067 1170 1130 γὰρ
1199 1069 1266 1114 ἐπὶ
1284 1072 1369 1114 τῶν
1391 1071 1554 1113 λοιπῶν
1572 1063 1763 1127 δυνησό-

345 1140 460 1195 μεθα
488 1133 541 1180 τὰ
569 1132 696 1194 ὅμοια
725 1140 930 1195 συνορᾶν.
988 1135 1192 1181 σκεπτέον
1227 1136 1273 1181 δὲ
1303 1135 1376 1180 καὶ
1403 1131 1454 1179 τὰ
1487 1134 1530 1179 ἐν
1556 1137 1615 1197 τῷ
1645 1129 1763 1195 αὐτῷ

296 1218 333 1246 15
345 1201 454 1262 γένει
487 1199 611 1257 ὄντα,
656 1203 699 1247 εἴ
722 1218 762 1246 τι
796 1198 957 1247 ἅπασιν
988 1199 1171 1260 ὑπάρχει
1202 1199 1383 1256 ταύτόν,
1419 1197 1512 1246 οἷον
1544 1197 1761 1261 ἀνθρώπῳ

345 1268 418 1313 καὶ
461 1269 584 1331 ἵππῳ.
614 1269 686 1312 καὶ
728 1267 848 1313 κυνί·
901 1260 931 1327 ᾗ
973 1265 1054 1329 γὰρ
1096 1265 1279 1327 ὑπάρχει
1319 1284 1359 1312 τι
1400 1264 1548 1322 αὐτοῖς
1588 1262 1763 1319 ταύτόν,

345 1332 482 1392 ταύτῃ
503 1330 631 1392 ὅμοιά
653 1333 776 1379 ἐστιν.

267 1401 330 1445 18
446 1398 677 1460 Χρήσιμον
726 1399 771 1445 δὲ
823 1395 874 1443 τὸ
926 1399 1001 1458 μὲν
1050 1401 1250 1457 ποσαχῶς
1293 1397 1454 1457 λέγεται
1502 1396 1766 1455 ἐπεσκέφθαι

346 1463 456 1525 πρός
493 1482 537 1510 τε
574 1462 625 1510 τὸ
654 1464 793 1525 σαφές
831 1465 1015 1523 (μᾶλλον
1042 1462 1123 1525 γὰρ
1157 1462 1210 1509 ἄν
1244 1480 1308 1520 τις
1342 1464 1471 1525 εἰδείη
1506 1463 1548 1507 τί
1576 1463 1764 1523 τίθησιν,

296 1551 333 1579 20
347 1530 687 1591 ἐμφανισθέντος
727 1535 928 1590 ποσαχῶς
969 1530 1151 1590 λέγεται)
1203 1531 1276 1574 καὶ
1327 1527 1437 1589 πρὸς
1478 1526 1528 1574 τὸ
1570 1529 1766 1588 γίνεσθαι

346 1595 438 1643 κατ’
471 1594 580 1642 αὐτὸ
611 1595 662 1643 τὸ
679 1601 863 1657 πρᾶγμα
894 1597 967 1642 καὶ
1000 1594 1059 1658 μὴ
1091 1594 1201 1655 πρὸς
1233 1593 1284 1640 τὸ
1311 1592 1448 1654 ὄνομα
1466 1592 1574 1649 τούς
1603 1596 1767 1638 συλλο-

346 1661 542 1724 γισμούς.
587 1661 758 1725 ἀδήλου
784 1660 866 1723 γὰρ
889 1660 1013 1718 ὄντος
1032 1665 1233 1722 ποσαχῶς
1256 1660 1439 1721 λέγεται,
1483 1660 1689 1719 ἐνδέχεται
1708 1656 1767 1720 μὴ

349 1729 417 1775 ἐπὶ
442 1726 602 1774 ταύτὸν
629 1728 705 1775 τόν
735 1745 777 1774 τε
809 1727 1146 1788 ἀποκρινόμενον
1174 1728 1246 1772 καὶ
1273 1725 1348 1772 τὸν
1379 1728 1594 1787 ἐρωτῶντα
1622 1725 1770 1786 φέρειν

348 1793 431 1856 τὴν
458 1794 674 1841 διάνοιαν·
722 1794 1061 1854 ἐμφανισθέντος
1093 1795 1139 1840 δὲ
1172 1798 1373 1852 ποσαχῶς
1405 1793 1567 1853 λέγεται
1595 1792 1669 1837 καὶ
1702 1791 1770 1836 ἐπὶ

300 1861 391 1909 ειετί
422 1860 568 1921 φέρων
598 1862 769 1922 τίθησι,
809 1865 979 1921 γελοῖος
1022 1858 1076 1906 ἀν
1119 1859 1319 1920 φαίνοιτο
1354 1858 1379 1905 ὁ
1413 1859 1598 1917 ἐρωτῶν,
1641 1858 1678 1903 εἰ
1708 1854 1768 1918 μὴ

349 1924 464 1986 πρὸς
485 1930 617 1972 τοῦτο
637 1924 712 1972 τὸν
729 1924 860 1987 λόγον
879 1931 1058 1972 ποιοῖτο.
1126 1924 1338 1986 χρήσιμον
1357 1926 1491 1971 δὲκαὶ
1510 1922 1623 1983 πρὸς
1641 1920 1691 1968 τὸ
1709 1920 1769 1984 μὴ

350 1996 727 2055 παραλογισθῆναι
756 1994 829 2038 καὶ
854 1991 965 2051 πρὸς
996 1990 1046 2037 τὸ
1072 1992 1461 2052 παραλογίσασθαι.
1515 1989 1671 2046 εἰδότες
1688 1987 1770 2050 γὰρ

351 2063 554 2119 ποσαχῶς
591 2059 754 2120 λέγεται
784 2056 843 2104 ov'
870 2057 929 2120 μὴ
967 2061 1373 2118 παραλογισθῶμεν,
1426 2054 1518 2102 ἀλλ’
1547 2055 1772 2117 εἰδήσομεν

354 2123 427 2171 ἐὰν
445 2123 504 2186 μὴ
528 2123 638 2184 πρὸς
663 2122 713 2170 τὸ
742 2121 850 2170 αὐτὸ
877 2123 952 2171 τὸν
970 2124 1100 2185 λόγον
1118 2127 1290 2186 ποιῆται
1309 2122 1334 2169 ὃ
1354 2124 1539 2182 ἐρωτῶν·
1575 2120 1704 2167 αὐτοί
1728 2138 1771 2166 τε

305 2212 339 2240 so
354 2191 591 2251 ἐρωτῶντες
628 2189 910 2253 δυνησόμεθα
945 2191 1344 2251 παραλογίσασθαι,
1392 2187 1464 2235 ἐὰν
1490 2186 1550 2251 μὴ
1585 2186 1773 2248 τυγχάνῃ

356 2255 482 2314 εἰδῶς
509 2255 535 2303 ὃ
563 2255 905 2318 ἀποκρινόμενος
934 2261 1135 2318 ποσαχῶς
1155 2256 1328 2318 λέγεται.
1384 2259 1518 2302 τοῦτο
1539 2253 1578 2301 δ’
1601 2252 1687 2300 οὐκ
1705 2254 1773 2300 ἐπὶ

445 2447 466 2479 2
487 2443 641 2491 ’ἀνδρίας
667 2446 758 2488 Pons
778 2452 815 2478 ut
839 2446 964 2478 solent.
987 2463 1032 2471 —
1055 2442 1292 2490 σωφροσύνης
1313 2456 1354 2487 pr
1377 2455 1431 2476 om
1448 2455 1475 2476 c.
1503 2462 1541 2467 ——
1566 2439 1687 2476 πάντα
1703 2440 1772 2486 γὰρ

356 2491 473 2524 ταῦτα
502 2491 536 2523 C.
567 2509 607 2515 —
638 2488 706 2535 γὰρ
734 2486 880 2524 ἅπαντα
911 2502 988 2523 corr
1011 2502 1046 2523 u.
1079 2509 1122 2516 -—
1155 2489 1278 2523 πάντα
1306 2489 1340 2521 Ρ.
1372 2507 1413 2514 -—
1450 2489 1470 2521 3
1501 2486 1573 2521 ἐστὶ
1605 2485 1692 2529 (εἰσὶ
1717 2488 1781 2528 ouf

358 2536 481 2568 omisso
494 2536 544 2568 alt
565 2534 734 2579 ἐστὶ)τῆς
752 2534 884 2579 ἀρετῆς
904 2533 977 2568 ἐστὶ
991 2535 1052 2568 καὶ
1065 2535 1159 2576 Cous.
1172 2552 1210 2558 —
1230 2533 1329 2567 4τίνι
1338 2531 1502 2576 διαφέρει
1521 2532 1692 2575 αἴσθησις
1703 2533 1774 2573 ouf.

357 2599 401 2605 —
424 2582 444 2613 5
466 2578 531 2623 μὲν
555 2592 608 2612 om
637 2581 672 2614 C.
697 2598 738 2603 —
760 2577 829 2625 ’γὰρ
854 2591 908 2611 om
935 2580 971 2612 P.
1002 2599 1039 2604 —
1071 2578 1285 2621 κατάλληλοι
1312 2578 1346 2610 G.
1379 2597 1411 2602 «-
1446 2578 1466 2609 7
1491 2574 1645 2621 ληπτέον
1673 2576 1706 2608 C.
1732 2594 1775 2600 —

358 2626 379 2657 8
402 2637 437 2659 τι
461 2637 516 2657 om
540 2637 592 2658 ou.
619 2643 664 2650 —
686 2625 706 2659 9
730 2622 779 2665 ὥς
802 2636 855 2657 om
871 2625 912 2656 A.
938 2644 980 2649 —
1007 2625 1046 2657 10
1070 2636 1111 2666 pr
1135 2623 1172 2656 ἐν
1196 2634 1251 2654 om
1277 2633 1328 2655 ou.
1353 2641 1397 2646 —
1424 2623 1457 2655 11
1482 2619 1518 2656 ἐν
1534 2622 1580 2666 τῇ
1602 2621 1702 2664 ψυχῇ
1720 2632 1773 2653 ou.

327 2704 331 2714 1
359 2686 402 2694 -
429 2671 468 2703 13
490 2667 697 2712 διεστηκόσι
721 2681 747 2702 ο.
775 2689 815 2695 -
844 2669 882 2702 19
907 2680 946 2702 τε
971 2680 1024 2700 om
1051 2669 1214 2709 ABPous.
1239 2686 1282 2692 —
1306 2666 1358 2709 τί]
1386 2661 1405 2699 ὃ
1427 2667 1462 2699 C.
1487 2685 1530 2692 —
1553 2668 1592 2699 21
1618 2665 1776 2708 τοῦνομα

363 2713 490 2746 CPouc.
515 2733 557 2740 —-
579 2715 623 2748 23
649 2711 836 2759 ἐρωτῶντα
858 2712 920 2747 καὶ
943 2710 1008 2746 τὸν
1030 2711 1317 2757 ἀποκρινόμενον
1338 2713 1373 2744 C.
1397 2729 1441 2736 —-
1465 2712 1508 2744 25
1531 2709 1774 2752 ἀναφαίνοιτο

363 2757 399 2790 Ρ.
426 2776 464 2782 —-
489 2759 531 2790 27
555 2758 617 2793 καὶ
639 2757 731 2804 πρὸς
751 2758 806 2802 τὸ]
831 2757 922 2804 πρὸς
944 2754 985 2792 τὸ
1008 2755 1057 2800 μὴ
1083 2770 1112 2791 ο.
1137 2775 1182 2782 -
1214 2757 1257 2789 29
1283 2752 1328 2789 ὂῖν
1354 2755 1422 2789 GP.
1446 2774 1490 2781 —
1523 2754 1572 2798 μή
1598 2765 1651 2786 om
1676 2766 1706 2787 ο.
1731 2774 1775 2779 -

359 2799 471 2836 ταύτὸ
500 2804 587 2846 CPc,
611 2805 720 2838 τοῦτο
745 2816 797 2837 ou.
821 2822 865 2829 —
881 2803 1031 2847 ποιῆται
1042 2799 1106 2837 τὸν
1117 2800 1224 2845 λόγον
1237 2812 1288 2835 ou.
1303 2820 1345 2825 —-
1364 2802 1406 2833 30
1418 2800 1723 2844 παραλογίζεσθαι
1740 2799 1774 2832 C.
