1780 3132
618 218 775 253 ΥΣΤΕ
789 218 916 253 ΡΩΝ
949 219 988 252 A.
1485 215 1537 255 31

23 346 27 347 ⁷
78 315 244 374 ἄλλου,
286 314 381 363 κατ’
399 315 571 364 ἐκείνου
598 316 646 362 δὲ
668 316 806 378 μηδὲν
825 315 971 381 ἄλλο).
1025 316 1065 363 εἰ
1091 313 1148 379 δὴ
1170 312 1295 362 ταῦτ’
1314 314 1427 373 ἐστί,
1462 316 1539 362 καὶ

78 385 148 432 ἐπὶ
186 388 267 448 τῆς
305 383 572 445 ἀποφάσεως
615 382 834 446 στήσεται.
900 387 1056 444 τριχῶς
1092 381 1175 445 γὰρ
1216 380 1537 449 δείκνυται-μή

77 450 294 512 ὑπάρχον.
357 448 390 513 ἢ
415 448 497 512 γὰρ
530 444 566 515 ᾦ
591 451 670 510 μὲν
698 448 749 496 τὸ
772 454 833 506 Γ,
867 449 919 496 τὸ
947 455 984 496 Β
1011 449 1197 510 ὑπάρχει
1225 450 1380 507 παντί,
1430 450 1466 515 ᾠ
1487 451 1535 496 δὲ
1560 465 1578 492 5

77 516 130 564 τὸ
155 522 206 573 Β,
241 515 390 564 οὐδενὶ
410 515 462 563 τό
487 520 537 564 Α.
591 521 675 564 τοῦ
693 518 772 576 μὲν
798 518 951 564 τοίνυν
973 521 1065 573 ΒΓ,
1101 519 1174 563 καὶ
1195 515 1261 563 άεὶ
1281 520 1366 563 τοῦ
1385 516 1537 577 ἑτέρου

19 606 23 608 ·
78 583 396 647 διαστήματος,
440 582 609 646 ἀνάγκη
632 585 824 644 βαδίζειν
842 586 902 641 εἰς
923 583 1086 644 ἄμεσα·
1133 581 1428 646 κατηγορικὸν
1453 582 1538 645 γάρ

18 700 20 702 ,
76 656 209 699 τοῦτο
227 649 278 698 τὸ
291 651 520 714 διάστημα.
555 650 606 697 τὸ
624 650 663 698 δ’
685 652 830 711 ἕτερον
844 655 986 714 δῆλον
1004 649 1070 698 ὅτι
1091 653 1129 697 εἰ
1150 650 1268 716 ἄλλῳ
1290 649 1377 711 οιῗχ
1387 648 1537 712 ὑπάρ-

76 737 140 780 χει
168 719 388 783 προτέρῳ,
434 723 529 764 οἱον
554 722 616 784 τῷ
634 723 697 775 Δ,
742 722 875 765 τοῦτο
907 718 1053 781 δεήσει
1078 722 1144 782 τῷ
1167 722 1206 764 Β
1236 720 1367 765 παντὶ
1385 715 1537 778 ὑπάρ-

75 803 178 847 χειν.
225 787 298 832 καὶ
320 787 359 832 εἰ
376 784 511 832 πάλιν
529 783 648 851 ἄλλῳ
665 789 750 832 τοῦ
772 792 814 832 Δ
833 786 1031 850 προτέρῳ
1055 783 1139 846 οὐχ
1162 784 1364 846 ὑπάρχει,
1400 785 1537 832 ἐκεῖνο
1554 801 1589 829 10

77 852 223 916 δεήσει
246 857 307 918 τῷ
335 858 377 898 Δ
397 853 525 899 παντὶ
545 851 775 913 ὑπάρχειν.
823 850 926 898 ὥστ’
954 854 1043 900 ἐπεὶ
1070 850 1099 916 ἡ
1129 853 1197 899 ἐπὶ
1225 851 1277 899 τὸ
1303 852 1392 899 ἄνω
1416 854 1538 899 ἵστα-

75 938 146 967 ται
165 918 301 977 ὁδός,
339 920 412 965 καὶ
432 917 459 982 ἡ
485 920 554 966 ἐπὶ
574 918 628 966 τὸ
651 919 767 966 κάτω
787 919 1014 983 στήσεται,
1050 921 1124 966 καὶ
1145 921 1262 966 ἔσται
1283 938 1324 966 τι
1345 923 1538 978 πρῶτον,

77 980 116 1052 ᾧ
143 985 230 1047 οὐχ
251 985 452 1047 ὑπάρχει.
505 985 639 1033 πάλιν
671 988 709 1033 εἰ
734 985 785 1033 τὸ
815 989 894 1047 μὲν
923 991 961 1033 Β
993 989 1122 1034 παντὶ
1150 991 1212 1053 τῷ
1230 991 1289 1044 Α,
1333 991 1395 1053 τῷ
1427 989 1474 1033 δὲ
1500 990 1547 1033 Γ

76 1054 251 1117 μηδενί,
285 1051 337 1100 τὸ
356 1058 393 1099 Α
411 1058 476 1118 τῷ
499 1057 545 1099 Γ
560 1052 709 1100 οὐδενὶ
729 1052 931 1116 ὑπάρχει.
989 1054 1124 1101 πάλιν
1143 1059 1279 1101 τοῦτο
1307 1055 1345 1100 εἰ
1366 1057 1435 1100 δεῖ
1446 1057 1538 1100 δεῖ-

76 1120 171 1177 ξαι,
219 1123 361 1183 δῆλον
391 1118 457 1166 ὅτι
486 1118 516 1183 ἢ
549 1119 623 1166 διὰ
650 1125 738 1167 τοῦ
772 1119 863 1188 ἄνω
890 1120 1063 1180 τρόπου
1093 1121 1372 1184 δειχθήσεται
1402 1118 1432 1183 ἢ
1464 1118 1590 1167 διάιε

74 1186 243 1235 τούτου
265 1186 292 1250 ἢ
308 1191 396 1233 τοῦ
413 1188 577 1247 τρίτου.
627 1185 654 1233 ὁ
675 1188 753 1246 μὲν
775 1189 860 1234 οὐν
878 1192 1055 1246 πρῶτος
1076 1189 1256 1251 εἴρηται,
1277 1186 1304 1234 ὁ
1323 1187 1370 1233 δὲ
1388 1186 1539 1234 δεύτε-

75 1273 154 1315 ρος
174 1254 463 1316 δειχθήσεται.
511 1251 631 1301 οὕτω
652 1252 692 1300 δ’
712 1251 768 1300 ὂίν
788 1254 1008 1311 δεικνύοι,
1045 1251 1141 1300 οἷον
1159 1252 1226 1301 ὅτι
1244 1253 1296 1301 τὸ
1316 1259 1358 1300 Δ
1378 1259 1440 1320 τῷ
1461 1255 1540 1315 μὲν

76 1326 114 1368 Β
139 1323 269 1368 παντὶ
294 1320 505 1382 ὑπάρχει,
539 1324 604 1386 τῷ
636 1322 683 1367 δὲ
708 1325 754 1367 Γ
778 1320 953 1381 οὐδενί,
1001 1323 1040 1368 εἰ
1068 1320 1240 1386 ά-νά-γκη
1260 1320 1477 1383 ὑπάρχειν
1498 1341 1540 1368 τι

5 1383 24 1415 Ἳ
75 1393 136 1454 τῷ
167 1393 216 1435 Β.
274 1389 348 1434 καὶ
377 1388 510 1435 πάλιν
538 1389 576 1435 εἰ
606 1393 740 1435 τοῦτο
767 1392 829 1454 τῷ
850 1393 896 1435 Γ
918 1387 979 1452 μή
1013 1387 1223 1449 ὑπάρξει,
1276 1388 1386 1435 ἄλλο
1410 1394 1475 1455 τῷ
1497 1394 1540 1435 Δ

75 1455 289 1517 ὑπάρχει,
335 1452 363 1501 ὃ
392 1460 457 1521 τῷ
486 1459 533 1501 Γ
555 1454 641 1517 οὐχ
663 1454 864 1517 ὑπάρχει.
920 1455 1094 1503 οὐκοῦν
1124 1459 1214 1504 ἐπεὶ
1245 1455 1298 1503 τὸ
1323 1455 1591 1518 ὑπάρχεινω

77 1522 143 1571 άεὶ
173 1527 235 1588 τῷ
267 1521 470 1583 ἀνωτέρω
501 1525 692 1591 ἵσταται,
734 1523 938 1587 στήσεται
966 1526 1040 1570 καὶ
1071 1522 1204 1588 τὸμὴ
1228 1522 1456 1584 ὑπάρχειν.
1513 1522 1540 1571 ὃ

77 1592 125 1639 δὲ
151 1593 294 1650 τρίτος
326 1590 490 1650 τρόπος
517 1592 597 1653 ἠν·
643 1591 681 1636 εἰ
703 1589 755 1636 τὸ
786 1592 864 1651 μὲν
883 1595 920 1637 Α
948 1595 1010 1657 τῷ
1031 1595 1069 1638 Β
1090 1593 1217 1638 παντὶ
1240 1589 1452 1652 ὑπάρχει,
1487 1589 1540 1638 τὸ

76 1659 124 1705 δὲ
160 1661 206 1704 Γ
224 1655 286 1720 μή
317 1655 529 1718 ὑπάρχει,
572 1655 631 1703 οὐ
660 1659 788 1704 παντὶ
816 1656 1005 1719 ὑπάρχει
1036 1656 1088 1704 τὸ
1123 1662 1169 1704 Γ
1196 1652 1231 1724 ᾧ
1262 1656 1315 1705 τὸ
1336 1663 1386 1704 Α.
1452 1657 1542 1705 πά-

76 1730 148 1772 λιν
169 1726 216 1771 δὲ
234 1728 368 1771 τοῦτο
389 1722 418 1787 ἢ
430 1722 504 1771 διὰ
529 1728 620 1771 τῶν
641 1722 732 1771 ἅνω
754 1726 989 1788 εἰρημένων
1010 1722 1042 1789 ἢ
1062 1723 1228 1785 ὁμοίως
1248 1725 1540 1789 δειχθήσεται.

77 1793 250 1849 ἐκείνως
279 1792 359 1851 μὲν
389 1790 446 1853 δή
477 1794 665 1857 ἵσταται,
710 1793 748 1837 εἰ
778 1790 820 1836 δ’
851 1790 996 1846 οὕτω,
1031 1792 1165 1839 πάλιν
1197 1791 1385 1856 λήψεται
1413 1790 1467 1839 τὸ
1504 1797 1593 1841 B25

74 1864 140 1925 τῷ
161 1862 204 1905 Ε
226 1856 460 1918 ὑπάρχειν,
497 1877 533 1922 ῳ
555 1855 607 1903 τὸ
630 1860 676 1903 Γ
695 1855 757 1920 μή
780 1860 908 1904 παντὶ
937 1856 1142 1919 ὑπάρχει.
1198 1861 1273 1905 καὶ
1294 1864 1432 1906 τοῦτο
1453 1860 1540 1906 πά·-

75 1933 146 1974 λιν
185 1924 362 1985 ὁμοίως.
427 1925 516 1971 ἐπεὶ
540 1922 579 1970 δ’
608 1922 841 1971 ὑπόκειται
877 1927 1086 1972 ἵστασθαι
1114 1928 1188 1973 καὶ
1228 1927 1297 1974 ἐπὶ
1326 1925 1378 1974 τὸ
1409 1926 1541 1986 κάτω,

75 1998 218 2057 δῆλον
241 1989 307 2039 ὅτι
325 1991 528 2055 στήσεται
548 1993 621 2038 καὶ
638 1990 690 2038 τὸ
712 1996 758 2038 Γ
772 1991 857 2053 οὐχ
874 1991 1089 2054 ὑπάρχον.

180 2057 382 2118 Φανερὸν
400 2058 439 2106 δ’
459 2057 528 2105 ὅτι
554 2060 628 2105 καὶ
649 2057 724 2106 ἐάν
744 2058 805 2123 μή
825 2064 904 2125 μιᾷ
926 2059 1021 2126 ὁδῷ
1042 2060 1295 2124 δεικνύηται
1319 2060 1431 2108 ἄλλά
1453 2061 1541 2108 πά-

24 2149 26 2151 ’
77 2140 192 2186 σαις,
214 2126 375 2187 ὁτὲμὲν
395 2127 442 2174 ἐκ
454 2130 540 2174 τοῦ
558 2126 744 2187 πρώτου
756 2126 994 2190 σχήματος,
1012 2125 1083 2175 ὁτὲ
1105 2130 1152 2175 δὲ
1171 2129 1217 2176 ἐκ
1228 2133 1316 2176 τοῦ
1327 2129 1542 2192 δευτέρου
1558 2148 1595 2176 30

168 2288 464 2337 537¹corrn.—
495 2293 703 2338 γτῷβρι·
729 2293 771 2327 Β.
803 2313 849 2319 -
878 2292 1058 2330 θοιῖθενὶ
1084 2297 1126 2329 D.
1163 2314 1202 2319 —
1235 2293 1541 2341 βκαὶγπρ.-

78 2342 98 2374 7
125 2339 176 2379 εἰς
199 2336 246 2373 τὰ
268 2338 361 2382 μέσα
389 2338 436 2370 Μ.
461 2356 504 2361 -
529 2338 551 2371 8
577 2339 612 2372 εἰ
633 2350 714 2371 corr
736 2351 768 2371 π.
798 2359 836 2364 -
864 2339 885 2372 9
910 2339 1093 2386 πρότερον
1119 2353 1160 2384 pr
1180 2341 1245 2374 Bu.
1270 2360 1316 2367 —
1339 2341 1382 2376 τὸ
1409 2342 1432 2387 β
1453 2353 1493 2384 pr
1505 2353 1540 2374 n.

78 2405 119 2411 —
145 2384 258 2419 παντὶ
282 2396 338 2416 om
362 2395 396 2415 u.
419 2401 466 2408 —
492 2384 533 2415 10
558 2382 725 2429 προτέρῳ
749 2385 818 2419 τοῦ
842 2385 864 2419 δ
889 2387 932 2419 D.
959 2407 1003 2412 —
1035 2385 1161 2421 ἐκείνω
1187 2387 1326 2428 ΑΜάιι,
1362 2399 1404 2429 pr
1430 2387 1471 2419 Β.
1498 2406 1540 2412 --

79 2432 116 2465 ΙΙ
145 2431 186 2473 δ]
213 2443 238 2463 α
261 2430 294 2462 d.
319 2448 366 2454 —
389 2426 489 2461 κάτω
507 2431 540 2472 f,
567 2442 647 2462 corr
672 2442 700 2470 c,
724 2442 765 2473 pr
788 2442 821 2463 n.
850 2449 893 2455 —-
922 2433 964 2465 12
988 2430 1013 2476 ἦ
1035 2445 1115 2464 corr
1132 2421 1166 2474 ἦ,
1193 2444 1249 2464 om
1274 2433 1323 2465 M.
1350 2450 1396 2457 —-
1419 2429 1541 2490 κάτω]

77 2477 101 2511 δ
124 2476 333 2519 ABdsMpu‚
360 2487 383 2508 α
400 2475 441 2515 D,
468 2487 508 2517 pr
531 2486 566 2515 n,
589 2475 735 2520 μείζους
760 2487 863 2520 supra
888 2488 926 2509 vs
952 2489 978 2509 c.
1006 2496 1048 2502 —
1073 2475 1209 2524 πρώτῳ
1225 2477 1363 2511 ABcdu.
1387 2496 1433 2503 —
1459 2479 1541 2524 139⁰

77 2566 116 2587 rc
136 2566 170 2597 n,
196 2550 217 2588 ὃ
239 2565 276 2598 p.
302 2572 346 2578 -
370 2553 407 2599 β]
431 2531 459 2599 ἓ
484 2554 525 2586 D.
548 2573 591 2580 -
617 2554 656 2597 α]
683 2521 706 2587 ἕ
730 2555 770 2587 D.
796 2574 842 2579 —
869 2555 910 2588 14
926 2555 1065 2599 μηθενὶ
1087 2557 1130 2590 D.
1153 2574 1200 2581 —
1222 2555 1299 2589 τῶν
1316 2556 1541 2599 ABMducfn.

78 2599 210 2642 -δεῖ]
235 2597 276 2634 δὲ
300 2611 341 2643 pr
363 2611 456 2632 n.—
484 2600 524 2632 16
552 2595 575 2642 ἢ
601 2599 664 2633 διὰ
690 2600 758 2634 τοῦ
770 2601 813 2634 D.
839 2620 881 2625 —
912 2603 951 2634 17
966 2610 1048 2644 post
1072 2600 1106 2636 δ’
1131 2602 1190 2634 del
1215 2601 1283 2633 vbb
1310 2609 1463 2645 quatuor
1487 2603 1542 2635 vel

79 2644 232 2688 quinque
255 2657 289 2677 π.
316 2663 359 2671 -
395 2642 543 2689 δεικνύῃ
570 2646 812 2689 ABDdcsmvp,
838 2658 918 2679 corr
944 2647 994 2680 M.
1019 2666 1062 2672 —
1095 2647 1134 2691 δ]
1163 2660 1188 2681 α
1214 2647 1264 2690 Μ,
1287 2659 1326 2679 rc
1350 2649 1391 2689 A,
1415 2660 1458 2692 pr
1475 2649 1541 2682 Bu.

81 2723 123 2757 18
147 2723 186 2767 β]
211 2701 291 2767 ⁰5²1).
316 2742 360 2747 -
384 2723 420 2758 ει
441 2735 497 2756 om
517 2724 549 2756 ιι.
575 2744 618 2749 -
641 2722 800 2771 ὑπάρχει
816 2726 864 2758 Μ.
889 2744 934 2752 -
961 2727 1002 2760 19
1024 2723 1099 2761 ἀλλ’
1124 2722 1200 2766 ΒΑ,
1225 2739 1267 2770 pr
1284 2739 1318 2760 u.
1340 2745 1386 2752 -
1409 2727 1455 2760 ρο
1473 2724 1543 2771 οὐχ

78 2764 236 2814 ὑπάρξει
264 2769 305 2801 D.
329 2787 374 2793 —-
406 2766 485 2804 ἐπεὶ
509 2781 589 2802 corr
611 2782 644 2803 n.
668 2789 715 2796 —-
745 2769 905 2816 ὑπάρχει
931 2772 980 2804 Μ.
1005 2790 1050 2797 -
1082 2769 1125 2806 τὸ
1152 2770 1193 2807 δὲ
1216 2784 1237 2815 y
1260 2784 1297 2815 n,
1330 2772 1393 2805 sed
1417 2770 1458 2807 δὲ
1483 2773 1541 2806 del

80 2814 164 2848 vult.
191 2832 238 2840 —
273 2814 317 2846 26
341 2809 492 2860 ὑπάρχῃ
518 2814 580 2850 καὶ
606 2827 647 2859 pr
671 2818 710 2849 A.
736 2835 781 2841 —
815 2818 859 2851 99
882 2812 955 2852 κᾶν
975 2815 1025 2862 μὴ
1056 2819 1097 2851 D.
1132 2836 1175 2841 —
1210 2818 1401 2853 δείκνυται
1427 2819 1470 2851 D.
