<?xml version="1.0" encoding="UTF-8"?>
<!DOCTYPE html PUBLIC "-//W3C//DTD XHTML 1.0 Transitional//EN"
    "http://www.w3.org/TR/xhtml1/DTD/xhtml1-transitional.dtd">
<html xmlns="http://www.w3.org/1999/xhtml" xml:lang="en" lang="en">
 <head>
  <title>
</title>
<meta http-equiv="Content-Type" content="text/html;charset=utf-8" />
  <meta name='ocr-system' content='tesseract 3.04.00' />
  <meta name='ocr-capabilities' content='ocr_page ocr_carea ocr_par ocr_line ocrx_word'/>
</head>
<body>
  <div class='ocr_page' id='page_1' title='image "aristotelisorgan02arisuoft_0036.png"; bbox 0 0 1786 3068; ppageno 0'>
   <div class='ocr_carea' id='block_1_1' title="bbox 293 231 1204 273">
    <p class='ocr_par' dir='ltr' id='par_1_1' title="bbox 293 231 1204 273">
     <span class='ocr_line' id='line_1_1' title="bbox 293 231 1204 273; baseline -0.003 -7"><span class='ocrx_word' id='word_1_1' title='bbox 293 236 346 273; x_wconf 83' lang='lat'><em>20</em></span> <span class='ocrx_word' id='word_1_2' title='bbox 816 231 1204 265; x_wconf 69' lang='grc' dir='ltr'><em>ΑΝΑΛῬΤΙΚΩΝ</em></span> 
     </span>
    </p>
   </div>
   <div class='ocr_carea' id='block_1_2' title="bbox 248 321 1727 2351">
    <p class='ocr_par' dir='ltr' id='par_1_2' title="bbox 248 321 1726 2351">
     <span class='ocr_line' id='line_1_2' title="bbox 296 321 1712 392; baseline -0.005 -16"><span class='ocrx_word' id='word_1_3' title='bbox 296 329 356 392; x_wconf 85' lang='grc' dir='ltr'><em>μὴ</em></span> <span class='ocrx_word' id='word_1_4' title='bbox 381 328 453 376; x_wconf 81' lang='grc' dir='ltr'><em>διὰ</em></span> <span class='ocrx_word' id='word_1_5' title='bbox 471 346 551 375; x_wconf 86' lang='grc' dir='ltr'><em>του</em></span> <span class='ocrx_word' id='word_1_6' title='bbox 573 329 713 373; x_wconf 80' lang='grc' dir='ltr'><strong><em>αἰτίου</em></strong></span> <span class='ocrx_word' id='word_1_7' title='bbox 734 323 842 371; x_wconf 71' lang='grc' dir='ltr'><em>ἄλλα</em></span> <span class='ocrx_word' id='word_1_8' title='bbox 863 329 949 370; x_wconf 80' lang='grc' dir='ltr'><em>τῶν</em></span> <span class='ocrx_word' id='word_1_9' title='bbox 973 324 1342 386; x_wconf 71' lang='grc' dir='ltr'><em>ἀντιστρεφόντων</em></span> <span class='ocrx_word' id='word_1_10' title='bbox 1362 321 1434 370; x_wconf 76' lang='grc' dir='ltr'><em>διὰ</em></span> <span class='ocrx_word' id='word_1_11' title='bbox 1452 326 1535 369; x_wconf 86' lang='grc' dir='ltr'><em>τοῦ</em></span> <span class='ocrx_word' id='word_1_12' title='bbox 1558 341 1712 384; x_wconf 77' lang='grc' dir='ltr'><em>γνωρι-</em></span> 
     </span>
     <span class='ocr_line' id='line_1_3' title="bbox 297 388 1715 468; baseline -0.006 -26"><span class='ocrx_word' id='word_1_13' title='bbox 297 397 502 454; x_wconf 85' lang='grc' dir='ltr'><em>μωτέρου.</em></span> <span class='ocrx_word' id='word_1_14' title='bbox 546 392 703 438; x_wconf 78' lang='grc' dir='ltr'><em>κωλύει</em></span> <span class='ocrx_word' id='word_1_15' title='bbox 722 390 805 451; x_wconf 73' lang='grc' dir='ltr'><em>γάρ</em></span> <span class='ocrx_word' id='word_1_16' title='bbox 822 388 955 436; x_wconf 79' lang='grc' dir='ltr'><em>οὐδεν</em></span> <span class='ocrx_word' id='word_1_17' title='bbox 970 409 1054 437; x_wconf 90' lang='grc' dir='ltr'><em>των</em></span> <span class='ocrx_word' id='word_1_18' title='bbox 1066 388 1541 468; x_wconf 78' lang='grc' dir='ltr'><em>ἅντικατηγορουμένων</em></span> <span class='ocrx_word' id='word_1_19' title='bbox 1557 406 1715 448; x_wconf 79' lang='grc' dir='ltr'><em>γνωρι-</em></span> 
     </span>
     <span class='ocr_line' id='line_1_4' title="bbox 299 451 1711 520; baseline -0.005 -14"><span class='ocrx_word' id='word_1_20' title='bbox 299 461 487 520; x_wconf 78' lang='grc' dir='ltr'><em>μώτερον</em></span> <span class='ocrx_word' id='word_1_21' title='bbox 512 455 620 503; x_wconf 80' lang='grc' dir='ltr'><em>εἶναι</em></span> <span class='ocrx_word' id='word_1_22' title='bbox 651 457 778 501; x_wconf 78' lang='grc' dir='ltr'><em>ἐνίοτε</em></span> <span class='ocrx_word' id='word_1_23' title='bbox 802 474 854 500; x_wconf 91' lang='grc' dir='ltr'><em>το</em></span> <span class='ocrx_word' id='word_1_24' title='bbox 883 454 942 517; x_wconf 77' lang='grc' dir='ltr'><em>μὴ</em></span> <span class='ocrx_word' id='word_1_25' title='bbox 969 458 1116 512; x_wconf 79' lang='grc' dir='ltr'><em>αἴτιον,</em></span> <span class='ocrx_word' id='word_1_26' title='bbox 1151 454 1249 502; x_wconf 76' lang='grc' dir='ltr'><em>ὥστ’</em></span> <span class='ocrx_word' id='word_1_27' title='bbox 1268 456 1382 501; x_wconf 73' lang='grc' dir='ltr'><em>ἔσται</em></span> <span class='ocrx_word' id='word_1_28' title='bbox 1403 452 1474 500; x_wconf 77' lang='grc' dir='ltr'><em>διὰ</em></span> <span class='ocrx_word' id='word_1_29' title='bbox 1491 452 1656 500; x_wconf 83' lang='grc' dir='ltr'><em>τούτου</em></span> <span class='ocrx_word' id='word_1_30' title='bbox 1681 451 1711 515; x_wconf 80' lang='grc' dir='ltr'><em>ἡ</em></span> 
     </span>
     <span class='ocr_line' id='line_1_5' title="bbox 251 518 1715 602; baseline -0.005 -31"><span class='ocrx_word' id='word_1_31' title='bbox 251 538 285 565; x_wconf 80' lang='lat'><em>30</em></span> <span class='ocrx_word' id='word_1_32' title='bbox 301 524 530 579; x_wconf 71' lang='grc' dir='ltr'><em>ἀπόδειξις,</em></span> <span class='ocrx_word' id='word_1_33' title='bbox 566 520 660 567; x_wconf 83' lang='grc' dir='ltr'><em>οἷον</em></span> <span class='ocrx_word' id='word_1_34' title='bbox 687 519 752 566; x_wconf 84' lang='grc' dir='ltr'><em>ὅτι</em></span> <span class='ocrx_word' id='word_1_35' title='bbox 779 519 906 581; x_wconf 74' lang='grc' dir='ltr'><em>ἐγγύς</em></span> <span class='ocrx_word' id='word_1_36' title='bbox 936 523 977 567; x_wconf 81' lang='grc' dir='ltr'><em>οἱ</em></span> <span class='ocrx_word' id='word_1_37' title='bbox 1003 521 1215 602; x_wconf 79' lang='grc' dir='ltr'><em>πλάνητες</em></span> <span class='ocrx_word' id='word_1_38' title='bbox 1235 520 1306 567; x_wconf 81' lang='grc' dir='ltr'><em>διὰ</em></span> <span class='ocrx_word' id='word_1_39' title='bbox 1332 525 1413 566; x_wconf 87' lang='grc' dir='ltr'><em>τοῦ</em></span> <span class='ocrx_word' id='word_1_40' title='bbox 1438 518 1497 580; x_wconf 76' lang='grc' dir='ltr'><em>μὴ</em></span> <span class='ocrx_word' id='word_1_41' title='bbox 1521 520 1715 598; x_wconf 80' lang='grc' dir='ltr'><em>στίλβειν.</em></span> 
     </span>
     <span class='ocr_line' id='line_1_6' title="bbox 300 575 1715 651; baseline -0.005 -15"><span class='ocrx_word' id='word_1_42' title='bbox 300 592 405 636; x_wconf 74' lang='grc' dir='ltr'><em>ἔστω</em></span> <span class='ocrx_word' id='word_1_43' title='bbox 435 587 503 647; x_wconf 82' lang='grc' dir='ltr'><em>ἐφ’</em></span> <span class='ocrx_word' id='word_1_44' title='bbox 530 581 567 630; x_wconf 68' lang='grc' dir='ltr'><em>(ἶ</em></span> <span class='ocrx_word' id='word_1_45' title='bbox 600 590 644 631; x_wconf 92' lang='grc' dir='ltr'><em>Γ</em></span> <span class='ocrx_word' id='word_1_46' title='bbox 666 585 896 647; x_wconf 80' lang='grc' dir='ltr'><em>πλάνητες,</em></span> <span class='ocrx_word' id='word_1_47' title='bbox 932 586 998 647; x_wconf 78' lang='grc' dir='ltr'><em>ἐφ’</em></span> <span class='ocrx_word' id='word_1_48' title='bbox 1026 589 1060 651; x_wconf 79' lang='grc' dir='ltr'>ᾠ</span> <span class='ocrx_word' id='word_1_49' title='bbox 1094 591 1130 632; x_wconf 91' lang='grc' dir='ltr'><strong><em>Β</em></strong></span> <span class='ocrx_word' id='word_1_50' title='bbox 1161 585 1296 648; x_wconf 83' lang='grc' dir='ltr'><em>τὸμὴ</em></span> <span class='ocrx_word' id='word_1_51' title='bbox 1334 586 1538 644; x_wconf 78' lang='grc' dir='ltr'><em>στίλβειν,</em></span> <span class='ocrx_word' id='word_1_52' title='bbox 1583 575 1715 648; x_wconf 79' lang='grc' dir='ltr'><strong>ἐφ’ῳ</strong></span> 
     </span>
     <span class='ocr_line' id='line_1_7' title="bbox 301 630 1717 714; baseline -0.004 -14"><span class='ocrx_word' id='word_1_53' title='bbox 301 659 337 700; x_wconf 93' lang='grc' dir='ltr'><em>Α</em></span> <span class='ocrx_word' id='word_1_54' title='bbox 361 653 412 699; x_wconf 81' lang='grc' dir='ltr'><em>τό</em></span> <span class='ocrx_word' id='word_1_55' title='bbox 445 650 570 712; x_wconf 77' lang='grc' dir='ltr'><em>ἐγγυς</em></span> <span class='ocrx_word' id='word_1_56' title='bbox 604 648 722 697; x_wconf 80' lang='grc' dir='ltr'><em>εἶναι.</em></span> <span class='ocrx_word' id='word_1_57' title='bbox 777 651 939 714; x_wconf 71' lang='grc' dir='ltr'><em>ἄληθες</em></span> <span class='ocrx_word' id='word_1_58' title='bbox 966 651 1021 714; x_wconf 90' lang='grc' dir='ltr'><em>δη</em></span> <span class='ocrx_word' id='word_1_59' title='bbox 1050 651 1100 698; x_wconf 83' lang='grc' dir='ltr'><em>τὸ</em></span> <span class='ocrx_word' id='word_1_60' title='bbox 1133 657 1169 698; x_wconf 94' lang='grc' dir='ltr'>Β</span> <span class='ocrx_word' id='word_1_61' title='bbox 1187 651 1295 698; x_wconf 75' lang='grc' dir='ltr'><em>κατὰ</em></span> <span class='ocrx_word' id='word_1_62' title='bbox 1318 655 1402 698; x_wconf 84' lang='grc' dir='ltr'><em>τοῦ</em></span> <span class='ocrx_word' id='word_1_63' title='bbox 1424 654 1468 695; x_wconf 89' lang='grc' dir='ltr'><em>Γ</em></span> <span class='ocrx_word' id='word_1_64' title='bbox 1481 651 1630 696; x_wconf 82' lang='grc' dir='ltr'><em>εἰπεῖν·</em></span> <span class='ocrx_word' id='word_1_65' title='bbox 1674 630 1717 694; x_wconf 78' lang='grc' dir='ltr'><em>όὶ</em></span> 
     </span>
     <span class='ocr_line' id='line_1_8' title="bbox 300 710 1718 779; baseline -0.004 -15"><span class='ocrx_word' id='word_1_66' title='bbox 300 718 383 779; x_wconf 69' lang='grc' dir='ltr'><em>γὰρ</em></span> <span class='ocrx_word' id='word_1_67' title='bbox 401 717 514 763; x_wconf 76' lang='grc' dir='ltr'><em>πλάι</em></span> <span class='ocrx_word' id='word_1_68' title='bbox 519 734 611 778; x_wconf 85' lang='grc' dir='ltr'><em>ητες</em></span> <span class='ocrx_word' id='word_1_69' title='bbox 631 716 689 762; x_wconf 84' lang='grc' dir='ltr'><em>ού</em></span> <span class='ocrx_word' id='word_1_70' title='bbox 710 717 970 776; x_wconf 87' lang='grc' dir='ltr'><em>στίλβουσιν.</em></span> <span class='ocrx_word' id='word_1_71' title='bbox 1015 710 1123 762; x_wconf 77' lang='grc' dir='ltr'><em>αλλᾶ</em></span> <span class='ocrx_word' id='word_1_72' title='bbox 1139 719 1211 763; x_wconf 82' lang='grc' dir='ltr'><em>καὶ</em></span> <span class='ocrx_word' id='word_1_73' title='bbox 1229 716 1278 764; x_wconf 85' lang='grc' dir='ltr'><em>τὸ</em></span> <span class='ocrx_word' id='word_1_74' title='bbox 1295 722 1331 763; x_wconf 93' lang='lat' dir='ltr'><em>A</em></span> <span class='ocrx_word' id='word_1_75' title='bbox 1355 714 1462 762; x_wconf 71' lang='grc' dir='ltr'><em>κατὰ</em></span> <span class='ocrx_word' id='word_1_76' title='bbox 1483 720 1564 762; x_wconf 88' lang='grc' dir='ltr'><em>τοῦ</em></span> <span class='ocrx_word' id='word_1_77' title='bbox 1578 711 1718 760; x_wconf 89' lang='grc' dir='ltr'><em>Β·τὸ</em></span> 
     </span>
     <span class='ocr_line' id='line_1_9' title="bbox 299 780 1718 862; baseline -0.003 -33"><span class='ocrx_word' id='word_1_78' title='bbox 299 782 380 843; x_wconf 76' lang='grc' dir='ltr'><em>γὰρ</em></span> <span class='ocrx_word' id='word_1_79' title='bbox 412 802 472 844; x_wconf 90' lang='grc' dir='ltr'><em>μη</em></span> <span class='ocrx_word' id='word_1_80' title='bbox 498 783 671 840; x_wconf 87' lang='grc' dir='ltr'><em>στίλβον</em></span> <span class='ocrx_word' id='word_1_81' title='bbox 700 782 823 843; x_wconf 75' lang='grc' dir='ltr'><em>ἐγγύς</em></span> <span class='ocrx_word' id='word_1_82' title='bbox 847 783 954 829; x_wconf 77' lang='grc' dir='ltr'><em>ἐστι·</em></span> <span class='ocrx_word' id='word_1_83' title='bbox 997 787 1130 828; x_wconf 82' lang='grc' dir='ltr'><em>τοῦτο</em></span> <span class='ocrx_word' id='word_1_84' title='bbox 1157 781 1194 828; x_wconf 83' lang='grc' dir='ltr'><em>δ’</em></span> <span class='ocrx_word' id='word_1_85' title='bbox 1232 784 1434 862; x_wconf 77' lang='grc' dir='ltr'><em>εἰληφθω</em></span> <span class='ocrx_word' id='word_1_86' title='bbox 1472 780 1526 827; x_wconf 84' lang='grc' dir='ltr'><em>δι’</em></span> <span class='ocrx_word' id='word_1_87' title='bbox 1554 781 1718 840; x_wconf 71' lang='grc' dir='ltr'><em>ἐπαγω-</em></span> 
     </span>
     <span class='ocr_line' id='line_1_10' title="bbox 251 841 1718 930; baseline -0.004 -34"><span class='ocrx_word' id='word_1_88' title='bbox 251 869 285 896; x_wconf 79' lang='lat'><em>35</em></span> <span class='ocrx_word' id='word_1_89' title='bbox 301 853 380 930; x_wconf 60' lang='lat' dir='ltr'>ng</span> <span class='ocrx_word' id='word_1_90' title='bbox 404 846 432 908; x_wconf 74' lang='grc' dir='ltr'><em>η’</em></span> <span class='ocrx_word' id='word_1_91' title='bbox 452 846 505 892; x_wconf 86' lang='grc' dir='ltr'><em>δι’</em></span> <span class='ocrx_word' id='word_1_92' title='bbox 526 848 788 910; x_wconf 72' lang='grc' dir='ltr'><em>αἰσθήσεως.</em></span> <span class='ocrx_word' id='word_1_93' title='bbox 832 847 998 910; x_wconf 72' lang='grc' dir='ltr'><em>ἀνάγκη</em></span> <span class='ocrx_word' id='word_1_94' title='bbox 1018 841 1102 894; x_wconf 82' lang='grc' dir='ltr'><em>οὐν</em></span> <span class='ocrx_word' id='word_1_95' title='bbox 1119 847 1169 894; x_wconf 88' lang='grc' dir='ltr'><strong>τό</strong></span> <span class='ocrx_word' id='word_1_96' title='bbox 1191 852 1227 894; x_wconf 85' lang='grc' dir='ltr'><em>Α</em></span> <span class='ocrx_word' id='word_1_97' title='bbox 1242 854 1301 913; x_wconf 76' lang='grc' dir='ltr'><em>τῷ</em></span> <span class='ocrx_word' id='word_1_98' title='bbox 1316 852 1360 893; x_wconf 96' lang='grc' dir='ltr'><em>Γ</em></span> <span class='ocrx_word' id='word_1_99' title='bbox 1374 846 1595 905; x_wconf 81' lang='grc' dir='ltr'><em>υπάρχειν,</em></span> <span class='ocrx_word' id='word_1_100' title='bbox 1618 842 1718 890; x_wconf 86' lang='grc' dir='ltr'><em>ω’στ’</em></span> 
     </span>
     <span class='ocr_line' id='line_1_11' title="bbox 301 907 1719 995; baseline -0.001 -37"><span class='ocrx_word' id='word_1_101' title='bbox 301 912 636 959; x_wconf 84' lang='grc' dir='ltr'><em>αποδέδεικται</em></span> <span class='ocrx_word' id='word_1_102' title='bbox 619 912 684 959; x_wconf 90' lang='grc' dir='ltr'><em>ότι</em></span> <span class='ocrx_word' id='word_1_103' title='bbox 708 915 750 958; x_wconf 82' lang='grc' dir='ltr'><em>οὶ</em></span> <span class='ocrx_word' id='word_1_104' title='bbox 767 915 976 995; x_wconf 81' lang='grc' dir='ltr'><em>πλάνητες</em></span> <span class='ocrx_word' id='word_1_105' title='bbox 997 914 1122 975; x_wconf 78' lang='grc' dir='ltr'><em>ἐγγύς</em></span> <span class='ocrx_word' id='word_1_106' title='bbox 1141 915 1260 959; x_wconf 83' lang='grc' dir='ltr'><em>εἰσιν.</em></span> <span class='ocrx_word' id='word_1_107' title='bbox 1304 907 1436 968; x_wconf 80' lang='grc' dir='ltr'><em>οὗτος</em></span> <span class='ocrx_word' id='word_1_108' title='bbox 1456 907 1539 959; x_wconf 80' lang='grc' dir='ltr'><em>οὖν</em></span> <span class='ocrx_word' id='word_1_109' title='bbox 1559 911 1584 958; x_wconf 87' lang='grc' dir='ltr'>ὁ</span> <span class='ocrx_word' id='word_1_110' title='bbox 1607 914 1719 957; x_wconf 86' lang='grc' dir='ltr'><em>συλ-</em></span> 
     </span>
     <span class='ocr_line' id='line_1_12' title="bbox 299 973 1719 1039; baseline -0.001 -15"><span class='ocrx_word' id='word_1_111' title='bbox 299 977 511 1039; x_wconf 79' lang='grc' dir='ltr'><em>λογισμός</em></span> <span class='ocrx_word' id='word_1_112' title='bbox 531 996 589 1024; x_wconf 92' lang='grc' dir='ltr'><em>ου</em></span> <span class='ocrx_word' id='word_1_113' title='bbox 605 983 686 1024; x_wconf 90' lang='grc' dir='ltr'><em>τοῦ</em></span> <span class='ocrx_word' id='word_1_114' title='bbox 706 980 814 1024; x_wconf 90' lang='grc' dir='ltr'><em>διότι</em></span> <span class='ocrx_word' id='word_1_115' title='bbox 834 978 944 1024; x_wconf 69' lang='grc' dir='ltr'><em>ἄλλα</em></span> <span class='ocrx_word' id='word_1_116' title='bbox 969 984 1052 1028; x_wconf 78' lang='grc' dir='ltr'><em>τοῦ</em></span> <span class='ocrx_word' id='word_1_117' title='bbox 1073 997 1138 1025; x_wconf 88' lang='grc' dir='ltr'><em>οτι</em></span> <span class='ocrx_word' id='word_1_118' title='bbox 1156 980 1290 1024; x_wconf 78' lang='grc' dir='ltr'><em>ἐστίν·</em></span> <span class='ocrx_word' id='word_1_119' title='bbox 1321 977 1379 1025; x_wconf 81' lang='grc' dir='ltr'><em>οὕ</em></span> <span class='ocrx_word' id='word_1_120' title='bbox 1397 977 1478 1038; x_wconf 78' lang='grc' dir='ltr'><em>γὰρ</em></span> <span class='ocrx_word' id='word_1_121' title='bbox 1500 976 1572 1023; x_wconf 78' lang='grc' dir='ltr'><em>διὰ</em></span> <span class='ocrx_word' id='word_1_122' title='bbox 1591 975 1642 1022; x_wconf 82' lang='grc' dir='ltr'><em>τὸ</em></span> <span class='ocrx_word' id='word_1_123' title='bbox 1659 973 1719 1036; x_wconf 82' lang='grc' dir='ltr'><em>μὴ</em></span> 
     </span>
     <span class='ocr_line' id='line_1_13' title="bbox 300 1039 1718 1104; baseline -0.002 -15"><span class='ocrx_word' id='word_1_124' title='bbox 300 1046 485 1103; x_wconf 82' lang='grc' dir='ltr'><em>στίλβειν</em></span> <span class='ocrx_word' id='word_1_125' title='bbox 503 1043 629 1104; x_wconf 75' lang='grc' dir='ltr'><em>ἐγγύς</em></span> <span class='ocrx_word' id='word_1_126' title='bbox 646 1046 768 1099; x_wconf 84' lang='grc' dir='ltr'><em>εἰσιν,</em></span> <span class='ocrx_word' id='word_1_127' title='bbox 803 1042 911 1090; x_wconf 77' lang='grc' dir='ltr'><em>ἄλλα</em></span> <span class='ocrx_word' id='word_1_128' title='bbox 938 1043 1009 1090; x_wconf 81' lang='grc' dir='ltr'><em>διὰ</em></span> <span class='ocrx_word' id='word_1_129' title='bbox 1031 1044 1080 1090; x_wconf 82' lang='grc' dir='ltr'><em>τὸ</em></span> <span class='ocrx_word' id='word_1_130' title='bbox 1103 1043 1230 1104; x_wconf 74' lang='grc' dir='ltr'><em>ἐγγύς</em></span> <span class='ocrx_word' id='word_1_131' title='bbox 1253 1039 1359 1090; x_wconf 81' lang='grc' dir='ltr'><em>εἶναι</em></span> <span class='ocrx_word' id='word_1_132' title='bbox 1378 1041 1437 1088; x_wconf 88' lang='lat' dir='ltr'><em>ov&#39;</em></span> <span class='ocrx_word' id='word_1_133' title='bbox 1454 1044 1718 1102; x_wconf 88' lang='grc' dir='ltr'><em>στίλβουσιν.</em></span> 
     </span>
     <span class='ocr_line' id='line_1_14' title="bbox 299 1107 1721 1170; baseline -0.003 -15"><span class='ocrx_word' id='word_1_134' title='bbox 299 1110 473 1169; x_wconf 76' lang='grc' dir='ltr'><em>ἐγχωρεῖ</em></span> <span class='ocrx_word' id='word_1_135' title='bbox 500 1111 546 1154; x_wconf 89' lang='grc' dir='ltr'><em>δε</em></span> <span class='ocrx_word' id='word_1_136' title='bbox 577 1111 650 1154; x_wconf 83' lang='grc' dir='ltr'><em>καὶ</em></span> <span class='ocrx_word' id='word_1_137' title='bbox 680 1107 751 1154; x_wconf 73' lang='grc' dir='ltr'><em>διὰ</em></span> <span class='ocrx_word' id='word_1_138' title='bbox 784 1110 978 1167; x_wconf 80' lang='grc' dir='ltr'><em>θατέρου</em></span> <span class='ocrx_word' id='word_1_139' title='bbox 1001 1109 1189 1167; x_wconf 77' lang='grc' dir='ltr'><em>θάτερον</em></span> <span class='ocrx_word' id='word_1_140' title='bbox 1218 1113 1464 1170; x_wconf 73' lang='grc' dir='ltr'><em>δειχθηναι,</em></span> <span class='ocrx_word' id='word_1_141' title='bbox 1507 1109 1581 1154; x_wconf 78' lang='grc' dir='ltr'><em>καὶ</em></span> <span class='ocrx_word' id='word_1_142' title='bbox 1606 1107 1721 1153; x_wconf 69' lang='grc' dir='ltr'><em>ἔσται</em></span> 
     </span>
     <span class='ocr_line' id='line_1_15' title="bbox 250 1164 1720 1235; baseline -0.002 -14"><span class='ocrx_word' id='word_1_143' title='bbox 250 1194 285 1221; x_wconf 87' lang='lat'><em>40</em></span> <span class='ocrx_word' id='word_1_144' title='bbox 299 1178 381 1220; x_wconf 85' lang='grc' dir='ltr'><em>τοῦ</em></span> <span class='ocrx_word' id='word_1_145' title='bbox 412 1174 521 1219; x_wconf 91' lang='grc' dir='ltr'><em>διότι</em></span> <span class='ocrx_word' id='word_1_146' title='bbox 548 1171 577 1235; x_wconf 84' lang='grc' dir='ltr'>ἡ</span> <span class='ocrx_word' id='word_1_147' title='bbox 604 1172 840 1229; x_wconf 65' lang='grc' dir='ltr'><em>ἀπόδειξις,</em></span> <span class='ocrx_word' id='word_1_148' title='bbox 885 1172 980 1220; x_wconf 83' lang='grc' dir='ltr'><em>οἷον</em></span> <span class='ocrx_word' id='word_1_149' title='bbox 1015 1176 1120 1220; x_wconf 72' lang='grc' dir='ltr'><em>ἴστω</em></span> <span class='ocrx_word' id='word_1_150' title='bbox 1157 1173 1206 1220; x_wconf 85' lang='grc' dir='ltr'><em>τὸ</em></span> <span class='ocrx_word' id='word_1_151' title='bbox 1236 1178 1280 1218; x_wconf 91' lang='grc' dir='ltr'><em>Γ</em></span> <span class='ocrx_word' id='word_1_152' title='bbox 1303 1174 1533 1235; x_wconf 79' lang='grc' dir='ltr'><em>πλάνητες,</em></span> <span class='ocrx_word' id='word_1_153' title='bbox 1580 1170 1647 1232; x_wconf 78' lang='grc' dir='ltr'><em>ἐφ’</em></span> <span class='ocrx_word' id='word_1_154' title='bbox 1683 1164 1720 1235; x_wconf 69' lang='grc' dir='ltr'><em>ᾦ</em></span> 
     </span>
     <span class='ocr_line' id='line_1_16' title="bbox 258 1236 1722 1302; baseline -0.001 -20"><span class='ocrx_word' id='word_1_155' title='bbox 258 1249 281 1281; x_wconf 85' lang='lat' dir='ltr'><strong>b</strong></span> <span class='ocrx_word' id='word_1_156' title='bbox 301 1243 338 1285; x_wconf 89' lang='grc' dir='ltr'>Β</span> <span class='ocrx_word' id='word_1_157' title='bbox 370 1238 420 1285; x_wconf 88' lang='grc' dir='ltr'><em>τὸ</em></span> <span class='ocrx_word' id='word_1_158' title='bbox 449 1237 574 1299; x_wconf 75' lang='grc' dir='ltr'><em>ἐγγυς</em></span> <span class='ocrx_word' id='word_1_159' title='bbox 603 1245 731 1294; x_wconf 82' lang='grc' dir='ltr'><em>εἰναι,</em></span> <span class='ocrx_word' id='word_1_160' title='bbox 771 1237 821 1284; x_wconf 81' lang='grc' dir='ltr'><em>τό</em></span> <span class='ocrx_word' id='word_1_161' title='bbox 857 1244 892 1284; x_wconf 91' lang='grc' dir='ltr'><em>Α</em></span> <span class='ocrx_word' id='word_1_162' title='bbox 922 1238 972 1285; x_wconf 81' lang='grc' dir='ltr'><em>τὸ</em></span> <span class='ocrx_word' id='word_1_163' title='bbox 1001 1238 1059 1302; x_wconf 83' lang='grc' dir='ltr'><em>μὴ</em></span> <span class='ocrx_word' id='word_1_164' title='bbox 1086 1241 1290 1299; x_wconf 87' lang='grc' dir='ltr'><em>στίλβειν·</em></span> <span class='ocrx_word' id='word_1_165' title='bbox 1333 1238 1516 1298; x_wconf 80' lang='grc' dir='ltr'><em>ὑπάρχει</em></span> <span class='ocrx_word' id='word_1_166' title='bbox 1555 1236 1610 1300; x_wconf 82' lang='grc' dir='ltr'><em>δὴ</em></span> <span class='ocrx_word' id='word_1_167' title='bbox 1647 1237 1722 1281; x_wconf 86' lang='grc' dir='ltr'><em>καὶ</em></span> 
     </span>
     <span class='ocr_line' id='line_1_17' title="bbox 297 1302 1722 1369; baseline -0.002 -19"><span class='ocrx_word' id='word_1_168' title='bbox 297 1303 349 1350; x_wconf 81' lang='grc' dir='ltr'><em>τὸ</em></span> <span class='ocrx_word' id='word_1_169' title='bbox 381 1309 417 1350; x_wconf 88' lang='grc' dir='ltr'><em>Β</em></span> <span class='ocrx_word' id='word_1_170' title='bbox 443 1308 506 1367; x_wconf 74' lang='grc' dir='ltr'><em>τῷ</em></span> <span class='ocrx_word' id='word_1_171' title='bbox 537 1307 596 1359; x_wconf 90' lang='grc' dir='ltr'><em>Γ,</em></span> <span class='ocrx_word' id='word_1_172' title='bbox 639 1302 746 1349; x_wconf 87' lang='grc' dir='ltr'><em>ω’στε</em></span> <span class='ocrx_word' id='word_1_173' title='bbox 775 1306 847 1350; x_wconf 75' lang='grc' dir='ltr'><em>καὶ</em></span> <span class='ocrx_word' id='word_1_174' title='bbox 876 1309 939 1369; x_wconf 75' lang='grc' dir='ltr'><em>τῷ</em></span> <span class='ocrx_word' id='word_1_175' title='bbox 973 1310 1017 1350; x_wconf 94' lang='grc' dir='ltr'><em>Γ</em></span> <span class='ocrx_word' id='word_1_176' title='bbox 1042 1303 1093 1351; x_wconf 84' lang='grc' dir='ltr'><em>τὸ</em></span> <span class='ocrx_word' id='word_1_177' title='bbox 1124 1303 1275 1361; x_wconf 84' lang='grc' dir='ltr'><em>Α,τό</em></span> <span class='ocrx_word' id='word_1_178' title='bbox 1306 1304 1365 1367; x_wconf 84' lang='grc' dir='ltr'><em>μὴ</em></span> <span class='ocrx_word' id='word_1_179' title='bbox 1397 1306 1591 1363; x_wconf 83' lang='grc' dir='ltr'><em>στίλβειν.</em></span> <span class='ocrx_word' id='word_1_180' title='bbox 1648 1302 1722 1347; x_wconf 79' lang='grc' dir='ltr'><em>καὶ</em></span> 
     </span>
     <span class='ocr_line' id='line_1_18' title="bbox 297 1351 1720 1433; baseline -0.003 -17"><span class='ocrx_word' id='word_1_181' title='bbox 297 1370 385 1416; x_wconf 74' lang='grc' dir='ltr'><em>ἔστι</em></span> <span class='ocrx_word' id='word_1_182' title='bbox 426 1373 509 1415; x_wconf 84' lang='grc' dir='ltr'><em>τοῦ</em></span> <span class='ocrx_word' id='word_1_183' title='bbox 562 1369 672 1415; x_wconf 90' lang='grc' dir='ltr'><em>διότι</em></span> <span class='ocrx_word' id='word_1_184' title='bbox 715 1367 740 1414; x_wconf 85' lang='grc' dir='ltr'><em>ὃ</em></span> <span class='ocrx_word' id='word_1_185' title='bbox 782 1351 1094 1430; x_wconf 80' lang='grc' dir='ltr'><em>συλλόγισιιός·</em></span> <span class='ocrx_word' id='word_1_186' title='bbox 1146 1372 1338 1433; x_wconf 82' lang='grc' dir='ltr'><em>εἰληπται</em></span> <span class='ocrx_word' id='word_1_187' title='bbox 1379 1368 1461 1431; x_wconf 77' lang='grc' dir='ltr'><em>γὰρ</em></span> <span class='ocrx_word' id='word_1_188' title='bbox 1506 1367 1556 1414; x_wconf 87' lang='grc' dir='ltr'><em>τὸ</em></span> <span class='ocrx_word' id='word_1_189' title='bbox 1601 1381 1720 1427; x_wconf 87' lang='grc' dir='ltr'><em>πρω-</em></span> 
     </span>
     <span class='ocr_line' id='line_1_19' title="bbox 298 1432 1722 1498; baseline -0.003 -17"><span class='ocrx_word' id='word_1_190' title='bbox 298 1452 376 1481; x_wconf 91' lang='grc' dir='ltr'><em>τον</em></span> <span class='ocrx_word' id='word_1_191' title='bbox 403 1437 551 1480; x_wconf 78' lang='grc' dir='ltr'><em>αἴτιον.</em></span> <span class='ocrx_word' id='word_1_192' title='bbox 607 1434 739 1480; x_wconf 82' lang='grc' dir='ltr'><em>πάλιν</em></span> <span class='ocrx_word' id='word_1_193' title='bbox 770 1453 831 1492; x_wconf 87' lang='grc' dir='ltr'><em>ως</em></span> <span class='ocrx_word' id='word_1_194' title='bbox 853 1434 931 1498; x_wconf 79' lang='grc' dir='ltr'><em>τὴν</em></span> <span class='ocrx_word' id='word_1_195' title='bbox 958 1436 1143 1498; x_wconf 84' lang='grc' dir='ltr'><em>σεληνην</em></span> <span class='ocrx_word' id='word_1_196' title='bbox 1171 1435 1459 1489; x_wconf 81' lang='grc' dir='ltr'><em>δεικνύουσιν,</em></span> <span class='ocrx_word' id='word_1_197' title='bbox 1493 1432 1559 1480; x_wconf 80' lang='grc' dir='ltr'><em>ὅτι</em></span> <span class='ocrx_word' id='word_1_198' title='bbox 1587 1444 1722 1493; x_wconf 88' lang='grc' dir='ltr'><em>σφαι-</em></span> 
     </span>
     <span class='ocr_line' id='line_1_20' title="bbox 268 1496 1723 1563; baseline -0.003 -15"><span class='ocrx_word' id='word_1_199' title='bbox 268 1500 496 1562; x_wconf 78' lang='grc' dir='ltr'><em>5ροειδής,</em></span> <span class='ocrx_word' id='word_1_200' title='bbox 531 1497 602 1545; x_wconf 72' lang='grc' dir='ltr'><em>διὰ</em></span> <span class='ocrx_word' id='word_1_201' title='bbox 632 1518 721 1546; x_wconf 87' lang='grc' dir='ltr'><em>των</em></span> <span class='ocrx_word' id='word_1_202' title='bbox 749 1499 990 1563; x_wconf 73' lang='grc' dir='ltr'><em>αιῗξήσεων·</em></span> <span class='ocrx_word' id='word_1_203' title='bbox 1026 1503 1063 1547; x_wconf 85' lang='grc' dir='ltr'><em>εἰ</em></span> <span class='ocrx_word' id='word_1_204' title='bbox 1093 1500 1173 1563; x_wconf 74' lang='grc' dir='ltr'><em>γάρ</em></span> <span class='ocrx_word' id='word_1_205' title='bbox 1201 1500 1251 1547; x_wconf 90' lang='grc' dir='ltr'>τό</span> <span class='ocrx_word' id='word_1_206' title='bbox 1279 1500 1579 1559; x_wconf 70' lang='grc' dir='ltr'><em>αὐξανόμενον</em></span> <span class='ocrx_word' id='word_1_207' title='bbox 1606 1496 1723 1545; x_wconf 79' lang='grc' dir='ltr'><em>οὕτω</em></span> 
     </span>
     <span class='ocr_line' id='line_1_21' title="bbox 300 1564 1722 1629; baseline -0.001 -18"><span class='ocrx_word' id='word_1_208' title='bbox 300 1566 596 1626; x_wconf 83' lang='grc' dir='ltr'><em>σφαιροειδές,</em></span> <span class='ocrx_word' id='word_1_209' title='bbox 632 1564 807 1620; x_wconf 79' lang='grc' dir='ltr'><em>αὐξάνει</em></span> <span class='ocrx_word' id='word_1_210' title='bbox 834 1566 873 1612; x_wconf 86' lang='lat'><em>6&#39;</em></span> <span class='ocrx_word' id='word_1_211' title='bbox 901 1566 929 1628; x_wconf 81' lang='grc' dir='ltr'>ἡ</span> <span class='ocrx_word' id='word_1_212' title='bbox 957 1567 1137 1629; x_wconf 84' lang='grc' dir='ltr'><em>σελήνη,</em></span> <span class='ocrx_word' id='word_1_213' title='bbox 1183 1566 1374 1627; x_wconf 81' lang='grc' dir='ltr'><em>φανερὸν</em></span> <span class='ocrx_word' id='word_1_214' title='bbox 1403 1564 1468 1612; x_wconf 85' lang='grc' dir='ltr'><em>ότι</em></span> <span class='ocrx_word' id='word_1_215' title='bbox 1497 1578 1722 1624; x_wconf 86' lang='grc' dir='ltr'><em>σφαιροει-</em></span> 
     </span>
     <span class='ocr_line' id='line_1_22' title="bbox 299 1628 1724 1693; baseline -0.001 -17"><span class='ocrx_word' id='word_1_216' title='bbox 299 1631 391 1693; x_wconf 85' lang='grc' dir='ltr'><em>δής.</em></span> <span class='ocrx_word' id='word_1_217' title='bbox 436 1628 551 1676; x_wconf 83' lang='grc' dir='ltr'><em>ου’τω</em></span> <span class='ocrx_word' id='word_1_218' title='bbox 573 1631 651 1690; x_wconf 74' lang='grc' dir='ltr'><em>μὲν</em></span> <span class='ocrx_word' id='word_1_219' title='bbox 668 1649 753 1677; x_wconf 86' lang='grc' dir='ltr'><em>ουν</em></span> <span class='ocrx_word' id='word_1_220' title='bbox 773 1636 855 1678; x_wconf 84' lang='grc' dir='ltr'><em>τοῦ</em></span> <span class='ocrx_word' id='word_1_221' title='bbox 873 1630 938 1678; x_wconf 81' lang='grc' dir='ltr'><em>ὅτι</em></span> <span class='ocrx_word' id='word_1_222' title='bbox 954 1633 1126 1693; x_wconf 78' lang='grc' dir='ltr'><em>γέγονεν</em></span> <span class='ocrx_word' id='word_1_223' title='bbox 1139 1631 1164 1678; x_wconf 85' lang='grc' dir='ltr'><em>ὃ</em></span> <span class='ocrx_word' id='word_1_224' title='bbox 1178 1631 1480 1693; x_wconf 76' lang='grc' dir='ltr'><em>συλλογισμός,</em></span> <span class='ocrx_word' id='word_1_225' title='bbox 1508 1629 1724 1676; x_wconf 84' lang='grc' dir='ltr'><em>ανάπαλιν</em></span> 
     </span>
     <span class='ocr_line' id='line_1_23' title="bbox 299 1694 1724 1759; baseline -0.001 -18"><span class='ocrx_word' id='word_1_226' title='bbox 299 1698 346 1742; x_wconf 88' lang='grc' dir='ltr'><em>δε</em></span> <span class='ocrx_word' id='word_1_227' title='bbox 379 1697 580 1751; x_wconf 81' lang='grc' dir='ltr'><em>τεθέντος</em></span> <span class='ocrx_word' id='word_1_228' title='bbox 610 1701 692 1742; x_wconf 87' lang='grc' dir='ltr'><em>τοῦ</em></span> <span class='ocrx_word' id='word_1_229' title='bbox 718 1697 858 1755; x_wconf 81' lang='grc' dir='ltr'><em>μέσου</em></span> <span class='ocrx_word' id='word_1_230' title='bbox 879 1702 963 1743; x_wconf 82' lang='grc' dir='ltr'><em>τοῦ</em></span> <span class='ocrx_word' id='word_1_231' title='bbox 992 1698 1126 1744; x_wconf 89' lang='grc' dir='ltr'><em>διότι·</em></span> <span class='ocrx_word' id='word_1_232' title='bbox 1162 1697 1220 1744; x_wconf 79' lang='grc' dir='ltr'><em>οὐ</em></span> <span class='ocrx_word' id='word_1_233' title='bbox 1238 1697 1318 1759; x_wconf 75' lang='grc' dir='ltr'><em>γὰρ</em></span> <span class='ocrx_word' id='word_1_234' title='bbox 1339 1696 1411 1743; x_wconf 80' lang='lat'><em>616</em></span> <span class='ocrx_word' id='word_1_235' title='bbox 1429 1694 1504 1752; x_wconf 78' lang='grc' dir='ltr'><em>τὰς</em></span> <span class='ocrx_word' id='word_1_236' title='bbox 1524 1694 1724 1758; x_wconf 78' lang='grc' dir='ltr'><em>αὕξησεις</em></span> 
     </span>
     <span class='ocr_line' id='line_1_24' title="bbox 299 1759 1721 1829; baseline 0 -23"><span class='ocrx_word' id='word_1_237' title='bbox 299 1760 582 1822; x_wconf 84' lang='grc' dir='ltr'><em>σφαιροειδής</em></span> <span class='ocrx_word' id='word_1_238' title='bbox 614 1762 740 1819; x_wconf 78' lang='grc' dir='ltr'><em>ἐστιν,</em></span> <span class='ocrx_word' id='word_1_239' title='bbox 783 1761 893 1807; x_wconf 78' lang='grc' dir='ltr'><em>άλλά</em></span> <span class='ocrx_word' id='word_1_240' title='bbox 922 1762 994 1808; x_wconf 77' lang='grc' dir='ltr'><em>δια</em></span> <span class='ocrx_word' id='word_1_241' title='bbox 1024 1762 1076 1808; x_wconf 85' lang='grc' dir='ltr'><em>τὸ</em></span> <span class='ocrx_word' id='word_1_242' title='bbox 1105 1762 1387 1829; x_wconf 82' lang='grc' dir='ltr'><em>σφαιροειδὴς</em></span> <span class='ocrx_word' id='word_1_243' title='bbox 1416 1759 1522 1808; x_wconf 83' lang='grc' dir='ltr'><em>εἶναι</em></span> <span class='ocrx_word' id='word_1_244' title='bbox 1558 1760 1721 1820; x_wconf 88' lang='grc' dir='ltr'><em>λαμβά-</em></span> 
     </span>
     <span class='ocr_line' id='line_1_25' title="bbox 248 1824 1725 1895; baseline 0.001 -24"><span class='ocrx_word' id='word_1_245' title='bbox 248 1844 285 1871; x_wconf 85' lang='lat'><em>10</em></span> <span class='ocrx_word' id='word_1_246' title='bbox 301 1845 362 1873; x_wconf 92' lang='grc' dir='ltr'><em>νει</em></span> <span class='ocrx_word' id='word_1_247' title='bbox 393 1826 469 1883; x_wconf 72' lang='grc' dir='ltr'><em>τὰς</em></span> <span class='ocrx_word' id='word_1_248' title='bbox 499 1825 703 1888; x_wconf 76' lang='grc' dir='ltr'><em>αὐξησεις</em></span> <span class='ocrx_word' id='word_1_249' title='bbox 733 1827 947 1884; x_wconf 86' lang='grc' dir='ltr'><em>τοιαύτας</em></span> <span class='ocrx_word' id='word_1_250' title='bbox 1001 1828 1162 1890; x_wconf 81' lang='grc' dir='ltr'><em>σελήνη</em></span> <span class='ocrx_word' id='word_1_251' title='bbox 1192 1827 1260 1895; x_wconf 76' lang='grc' dir='ltr'><em>ἐφ’</em></span> <span class='ocrx_word' id='word_1_252' title='bbox 1288 1830 1322 1893; x_wconf 70' lang='lat'><em>93</em></span> <span class='ocrx_word' id='word_1_253' title='bbox 1353 1832 1402 1883; x_wconf 93' lang='grc' dir='ltr'><em>Γ,</em></span> <span class='ocrx_word' id='word_1_254' title='bbox 1438 1824 1725 1888; x_wconf 87' lang='grc' dir='ltr'><em>σφαιροειδης</em></span> 
     </span>
     <span class='ocr_line' id='line_1_26' title="bbox 300 1889 1721 1958; baseline 0 -20"><span class='ocrx_word' id='word_1_255' title='bbox 300 1891 368 1952; x_wconf 78' lang='grc' dir='ltr'><em>ἐφ’</em></span> <span class='ocrx_word' id='word_1_256' title='bbox 403 1894 438 1956; x_wconf 75' lang='lat'><em>95</em></span> <span class='ocrx_word' id='word_1_257' title='bbox 483 1895 541 1946; x_wconf 92' lang='grc' dir='ltr'><em>Β,</em></span> <span class='ocrx_word' id='word_1_258' title='bbox 588 1890 771 1954; x_wconf 81' lang='grc' dir='ltr'><em>αὔξησις</em></span> <span class='ocrx_word' id='word_1_259' title='bbox 810 1892 877 1952; x_wconf 75' lang='grc' dir='ltr'><em>ἐφ’</em></span> <span class='ocrx_word' id='word_1_260' title='bbox 913 1895 947 1958; x_wconf 77' lang='grc' dir='ltr'>ᾠ</span> <span class='ocrx_word' id='word_1_261' title='bbox 986 1897 1035 1938; x_wconf 92' lang='lat' dir='ltr'><em>A.</em></span> <span class='ocrx_word' id='word_1_262' title='bbox 1110 1892 1176 1954; x_wconf 77' lang='grc' dir='ltr'><em>ἐφ’</em></span> <span class='ocrx_word' id='word_1_263' title='bbox 1219 1895 1282 1939; x_wconf 78' lang='grc' dir='ltr'><em>ὠν</em></span> <span class='ocrx_word' id='word_1_264' title='bbox 1322 1895 1367 1939; x_wconf 93' lang='grc' dir='ltr'><em>δε</em></span> <span class='ocrx_word' id='word_1_265' title='bbox 1404 1892 1454 1938; x_wconf 77' lang='grc' dir='ltr'><em>τὰ</em></span> <span class='ocrx_word' id='word_1_266' title='bbox 1508 1893 1616 1951; x_wconf 82' lang='grc' dir='ltr'><em>μέσα</em></span> <span class='ocrx_word' id='word_1_267' title='bbox 1661 1889 1721 1954; x_wconf 86' lang='grc' dir='ltr'><em>μὴ</em></span> 
     </span>
     <span class='ocr_line' id='line_1_27' title="bbox 300 1938 1724 2019; baseline -0.001 -15"><span class='ocrx_word' id='word_1_268' title='bbox 300 1938 567 2017; x_wconf 77' lang='grc' dir='ltr'><em>αντιότρέφει</em></span> <span class='ocrx_word' id='word_1_269' title='bbox 593 1959 667 2003; x_wconf 77' lang='grc' dir='ltr'><em>καὶ</em></span> <span class='ocrx_word' id='word_1_270' title='bbox 699 1958 785 2003; x_wconf 74' lang='grc' dir='ltr'><em>ἔστι</em></span> <span class='ocrx_word' id='word_1_271' title='bbox 810 1977 1134 2019; x_wconf 74' lang='grc' dir='ltr'><em>γνωριμωτερον</em></span> <span class='ocrx_word' id='word_1_272' title='bbox 1163 1957 1215 2004; x_wconf 84' lang='grc' dir='ltr'>τὸ</span> <span class='ocrx_word' id='word_1_273' title='bbox 1247 1958 1452 2014; x_wconf 87' lang='grc' dir='ltr'><em>αναίτιον,</em></span> <span class='ocrx_word' id='word_1_274' title='bbox 1486 1956 1579 2003; x_wconf 82' lang='grc' dir='ltr'><em>τό</em></span> <span class='ocrx_word' id='word_1_275' title='bbox 1562 1955 1627 2004; x_wconf 89' lang='grc' dir='ltr'><em>ότι</em></span> <span class='ocrx_word' id='word_1_276' title='bbox 1647 1975 1724 2017; x_wconf 87' lang='grc' dir='ltr'><em>μεν</em></span> 
     </span>
     <span class='ocr_line' id='line_1_28' title="bbox 300 2021 1722 2084; baseline -0.001 -15"><span class='ocrx_word' id='word_1_277' title='bbox 300 2024 531 2078; x_wconf 81' lang='grc' dir='ltr'><em>δείκνυται,</em></span> <span class='ocrx_word' id='word_1_278' title='bbox 563 2021 613 2068; x_wconf 83' lang='grc' dir='ltr'><em>τὸ</em></span> <span class='ocrx_word' id='word_1_279' title='bbox 640 2022 750 2070; x_wconf 87' lang='grc' dir='ltr'><em>διότι</em></span> <span class='ocrx_word' id='word_1_280' title='bbox 776 2023 815 2069; x_wconf 84' lang='grc' dir='ltr'><em>δ’</em></span> <span class='ocrx_word' id='word_1_281' title='bbox 841 2023 911 2070; x_wconf 76' lang='grc' dir='ltr'><em>οὔ.</em></span> <span class='ocrx_word' id='word_1_282' title='bbox 963 2025 1020 2070; x_wconf 71' lang='grc' dir='ltr'><em>ἔτι</em></span> <span class='ocrx_word' id='word_1_283' title='bbox 1039 2023 1107 2084; x_wconf 79' lang='grc' dir='ltr'><em>ἐφ’</em></span> <span class='ocrx_word' id='word_1_284' title='bbox 1135 2043 1196 2070; x_wconf 92' lang='grc' dir='ltr'><em>ων</em></span> <span class='ocrx_word' id='word_1_285' title='bbox 1213 2024 1265 2070; x_wconf 87' lang='grc' dir='ltr'>τὸ</span> <span class='ocrx_word' id='word_1_286' title='bbox 1289 2025 1422 2084; x_wconf 82' lang='grc' dir='ltr'><em>μέσον</em></span> <span class='ocrx_word' id='word_1_287' title='bbox 1443 2022 1519 2078; x_wconf 73' lang='grc' dir='ltr'><em>ἔξω</em></span> <span class='ocrx_word' id='word_1_288' title='bbox 1546 2025 1722 2069; x_wconf 79' lang='grc' dir='ltr'><em>τίθεται.</em></span> 
     </span>
     <span class='ocr_line' id='line_1_29' title="bbox 299 2087 1724 2153; baseline -0.001 -18"><span class='ocrx_word' id='word_1_289' title='bbox 299 2090 373 2135; x_wconf 77' lang='grc' dir='ltr'><em>καὶ</em></span> <span class='ocrx_word' id='word_1_290' title='bbox 394 2087 475 2150; x_wconf 78' lang='grc' dir='ltr'><em>γὰρ</em></span> <span class='ocrx_word' id='word_1_291' title='bbox 494 2089 537 2134; x_wconf 80' lang='grc' dir='ltr'><em>ἐν</em></span> <span class='ocrx_word' id='word_1_292' title='bbox 555 2107 728 2145; x_wconf 85' lang='grc' dir='ltr'><em>τουτοις</em></span> <span class='ocrx_word' id='word_1_293' title='bbox 751 2094 832 2135; x_wconf 85' lang='grc' dir='ltr'><em>τοῦ</em></span> <span class='ocrx_word' id='word_1_294' title='bbox 854 2088 920 2136; x_wconf 83' lang='grc' dir='ltr'><em>ὅτι</em></span> <span class='ocrx_word' id='word_1_295' title='bbox 943 2091 1016 2136; x_wconf 84' lang='grc' dir='ltr'><em>καὶ</em></span> <span class='ocrx_word' id='word_1_296' title='bbox 1030 2108 1088 2136; x_wconf 92' lang='grc' dir='ltr'><em>ου</em></span> <span class='ocrx_word' id='word_1_297' title='bbox 1109 2094 1193 2136; x_wconf 82' lang='grc' dir='ltr'><em>τοῦ</em></span> <span class='ocrx_word' id='word_1_298' title='bbox 1213 2090 1324 2137; x_wconf 88' lang='grc' dir='ltr'><em>διότι</em></span> <span class='ocrx_word' id='word_1_299' title='bbox 1347 2090 1375 2153; x_wconf 84' lang='grc' dir='ltr'>ἡ</span> <span class='ocrx_word' id='word_1_300' title='bbox 1395 2088 1630 2145; x_wconf 78' lang='grc' dir='ltr'><em>απόδειξις·</em></span> <span class='ocrx_word' id='word_1_301' title='bbox 1666 2106 1724 2134; x_wconf 89' lang='grc' dir='ltr'><em>ου</em></span> 
     </span>
     <span class='ocr_line' id='line_1_30' title="bbox 253 2153 1727 2216; baseline 0.001 -17"><span class='ocrx_word' id='word_1_302' title='bbox 253 2172 286 2198; x_wconf 85' lang='lat'><em>15</em></span> <span class='ocrx_word' id='word_1_303' title='bbox 301 2153 382 2216; x_wconf 74' lang='grc' dir='ltr'><em>γὰρ</em></span> <span class='ocrx_word' id='word_1_304' title='bbox 410 2155 573 2215; x_wconf 80' lang='grc' dir='ltr'><em>λέγεται</em></span> <span class='ocrx_word' id='word_1_305' title='bbox 606 2153 657 2200; x_wconf 83' lang='grc' dir='ltr'><em>τὸ</em></span> <span class='ocrx_word' id='word_1_306' title='bbox 682 2157 829 2201; x_wconf 75' lang='grc' dir='ltr'><em>αἴτιον.</em></span> <span class='ocrx_word' id='word_1_307' title='bbox 885 2153 979 2202; x_wconf 83' lang='grc' dir='ltr'><em>οἷον</em></span> <span class='ocrx_word' id='word_1_308' title='bbox 1006 2154 1078 2202; x_wconf 75' lang='grc' dir='ltr'><em>διὰ</em></span> <span class='ocrx_word' id='word_1_309' title='bbox 1098 2157 1140 2201; x_wconf 92' lang='grc' dir='ltr'><em>τί</em></span> <span class='ocrx_word' id='word_1_310' title='bbox 1167 2155 1250 2202; x_wconf 83' lang='grc' dir='ltr'><em>ούκ</em></span> <span class='ocrx_word' id='word_1_311' title='bbox 1283 2155 1482 2202; x_wconf 81' lang='grc' dir='ltr'><em>αναπνέει</em></span> <span class='ocrx_word' id='word_1_312' title='bbox 1506 2153 1531 2200; x_wconf 88' lang='lat'><em>6</em></span> <span class='ocrx_word' id='word_1_313' title='bbox 1555 2159 1727 2214; x_wconf 87' lang='grc' dir='ltr'><em>τοῖχος,·</em></span> 
     </span>
     <span class='ocr_line' id='line_1_31' title="bbox 303 2218 1726 2291; baseline -0.001 -25"><span class='ocrx_word' id='word_1_314' title='bbox 303 2218 371 2266; x_wconf 80' lang='grc' dir='ltr'><em>ὅτι</em></span> <span class='ocrx_word' id='word_1_315' title='bbox 390 2239 448 2266; x_wconf 94' lang='grc' dir='ltr'><em>ου</em></span> <span class='ocrx_word' id='word_1_316' title='bbox 451 2223 594 2291; x_wconf 76' lang='grc' dir='ltr'><em>ζῷον.</em></span> <span class='ocrx_word' id='word_1_317' title='bbox 651 2221 689 2266; x_wconf 81' lang='grc' dir='ltr'><em>εἰ</em></span> <span class='ocrx_word' id='word_1_318' title='bbox 708 2219 789 2281; x_wconf 75' lang='grc' dir='ltr'><em>γὰρ</em></span> <span class='ocrx_word' id='word_1_319' title='bbox 809 2226 943 2267; x_wconf 74' lang='grc' dir='ltr'><em>τοῦτο</em></span> <span class='ocrx_word' id='word_1_320' title='bbox 964 2226 1046 2268; x_wconf 85' lang='grc' dir='ltr'><em>τοῦ</em></span> <span class='ocrx_word' id='word_1_321' title='bbox 1066 2220 1126 2284; x_wconf 88' lang='grc' dir='ltr'><em>μὴ</em></span> <span class='ocrx_word' id='word_1_322' title='bbox 1149 2220 1372 2268; x_wconf 79' lang='grc' dir='ltr'><em>άναπνὲειν</em></span> <span class='ocrx_word' id='word_1_323' title='bbox 1394 2223 1542 2275; x_wconf 79' lang='grc' dir='ltr'><em>αἴτιον,</em></span> <span class='ocrx_word' id='word_1_324' title='bbox 1575 2221 1657 2266; x_wconf 74' lang='grc' dir='ltr'><em>ἔδει</em></span> <span class='ocrx_word' id='word_1_325' title='bbox 1676 2219 1726 2265; x_wconf 85' lang='grc' dir='ltr'><em>τὸ</em></span> 
     </span>
     <span class='ocr_line' id='line_1_32' title="bbox 301 2282 1727 2351; baseline 0 -20"><span class='ocrx_word' id='word_1_326' title='bbox 301 2290 418 2350; x_wconf 76' lang='grc' dir='ltr'><em>ζῷον</em></span> <span class='ocrx_word' id='word_1_327' title='bbox 430 2282 537 2332; x_wconf 77' lang='grc' dir='ltr'><em>εἶναι</em></span> <span class='ocrx_word' id='word_1_328' title='bbox 556 2287 691 2332; x_wconf 78' lang='grc' dir='ltr'><em>αἴτιον</em></span> <span class='ocrx_word' id='word_1_329' title='bbox 709 2304 792 2332; x_wconf 90' lang='grc' dir='ltr'><em>του</em></span> <span class='ocrx_word' id='word_1_330' title='bbox 806 2286 1024 2344; x_wconf 71' lang='grc' dir='ltr'><em>ἀναπνεῖν,</em></span> <span class='ocrx_word' id='word_1_331' title='bbox 1044 2293 1139 2334; x_wconf 85' lang='grc' dir='ltr'><em>οἱον</em></span> <span class='ocrx_word' id='word_1_332' title='bbox 1164 2289 1200 2334; x_wconf 84' lang='grc' dir='ltr'><em>εἰ</em></span> <span class='ocrx_word' id='word_1_333' title='bbox 1222 2307 1248 2351; x_wconf 92' lang='grc' dir='ltr'><em>η</em></span> <span class='ocrx_word' id='word_1_334' title='bbox 1269 2287 1491 2349; x_wconf 88' lang='grc' dir='ltr'><em>απόφασις</em></span> <span class='ocrx_word' id='word_1_335' title='bbox 1512 2287 1624 2332; x_wconf 84' lang='grc' dir='ltr'><em>αἰτία</em></span> <span class='ocrx_word' id='word_1_336' title='bbox 1642 2289 1727 2332; x_wconf 81' lang='grc' dir='ltr'><em>τοῦ</em></span> 
     </span>
    </p>
   </div>
   <div class='ocr_carea' id='block_1_3' title="bbox 304 2377 565 2383">
    <p class='ocr_par' dir='ltr' id='par_1_3' title="bbox 304 2377 565 2383">
     <span class='ocr_line' id='line_1_33' title="bbox 304 2377 565 2383; baseline 0 0"><span class='ocrx_word' id='word_1_337' title='bbox 304 2377 565 2383; x_wconf 95' lang='lat' dir='ltr'><em> </em></span> 
     </span>
    </p>
   </div>
   <div class='ocr_carea' id='block_1_4' title="bbox 302 2406 1727 2800">
    <p class='ocr_par' dir='ltr' id='par_1_4' title="bbox 304 2406 1727 2542">
     <span class='ocr_line' id='line_1_34' title="bbox 390 2406 1727 2464; baseline 0 -22"><span class='ocrx_word' id='word_1_338' title='bbox 390 2411 433 2442; x_wconf 82' lang='grc'><em>30</em></span> <span class='ocrx_word' id='word_1_339' title='bbox 457 2417 492 2442; x_wconf 84' lang='lat' dir='ltr'><em>et</em></span> <span class='ocrx_word' id='word_1_340' title='bbox 515 2411 555 2443; x_wconf 78' lang='lat'><em>31</em></span> <span class='ocrx_word' id='word_1_341' title='bbox 571 2410 700 2464; x_wconf 64' lang='grc' dir='ltr'><em>τπλανῆ</em></span> <span class='ocrx_word' id='word_1_342' title='bbox 701 2422 760 2443; x_wconf 86' lang='grc' dir='ltr'><em>ται</em></span> <span class='ocrx_word' id='word_1_343' title='bbox 783 2423 815 2443; x_wconf 86' lang='grc' dir='ltr'><em>η.</em></span> <span class='ocrx_word' id='word_1_344' title='bbox 839 2426 885 2436; x_wconf 81' lang='grc'><em>·--</em></span> <span class='ocrx_word' id='word_1_345' title='bbox 908 2410 971 2445; x_wconf 76' lang='grc' dir='ltr'><em>διὰ</em></span> <span class='ocrx_word' id='word_1_346' title='bbox 1065 2409 1245 2454; x_wconf 77' lang='grc' dir='ltr'><em>πλάνητες</em></span> <span class='ocrx_word' id='word_1_347' title='bbox 1271 2422 1326 2443; x_wconf 88' lang='lat' dir='ltr'><em>om</em></span> <span class='ocrx_word' id='word_1_348' title='bbox 1350 2411 1392 2443; x_wconf 89' lang='lat' dir='ltr'><em>A.</em></span> <span class='ocrx_word' id='word_1_349' title='bbox 1417 2428 1463 2434; x_wconf 93' lang='lat'>—</span> <span class='ocrx_word' id='word_1_350' title='bbox 1493 2406 1556 2444; x_wconf 81' lang='grc' dir='ltr'><em>διὰ</em></span> <span class='ocrx_word' id='word_1_351' title='bbox 1578 2409 1619 2443; x_wconf 85' lang='grc' dir='ltr'><em>τὸ</em></span> <span class='ocrx_word' id='word_1_352' title='bbox 1647 2421 1727 2443; x_wconf 88' lang='lat' dir='ltr'><strong>corr</strong></span> 
     </span>
     <span class='ocr_line' id='line_1_35' title="bbox 304 2448 1726 2500; baseline 0.001 -14"><span class='ocrx_word' id='word_1_353' title='bbox 304 2455 381 2486; x_wconf 87' lang='lat' dir='ltr'><em>CM.</em></span> <span class='ocrx_word' id='word_1_354' title='bbox 408 2474 450 2479; x_wconf 91' lang='lat'>—</span> <span class='ocrx_word' id='word_1_355' title='bbox 474 2455 511 2487; x_wconf 71' lang='lat'><em>3¹</em></span> <span class='ocrx_word' id='word_1_356' title='bbox 541 2448 585 2487; x_wconf 81' lang='grc' dir='ltr'><em>οὖ</em></span> <span class='ocrx_word' id='word_1_357' title='bbox 608 2466 660 2496; x_wconf 80' lang='grc' dir='ltr'><em>γ.</em></span> <span class='ocrx_word' id='word_1_358' title='bbox 693 2480 700 2487; x_wconf 98' lang='grc'><em>.</em></span> <span class='ocrx_word' id='word_1_359' title='bbox 726 2448 772 2488; x_wconf 73' lang='grc' dir='ltr'><em>οὗ</em></span> <span class='ocrx_word' id='word_1_360' title='bbox 797 2456 819 2496; x_wconf 86' lang='grc' dir='ltr'><em>β</em></span> <span class='ocrx_word' id='word_1_361' title='bbox 845 2457 879 2488; x_wconf 85' lang='lat' dir='ltr'><strong><em>C</em></strong></span> <span class='ocrx_word' id='word_1_362' title='bbox 907 2474 950 2481; x_wconf 92' lang='lat'>—</span> <span class='ocrx_word' id='word_1_363' title='bbox 984 2455 1027 2488; x_wconf 79' lang='lat'><em>34</em></span> <span class='ocrx_word' id='word_1_364' title='bbox 1051 2456 1205 2499; x_wconf 85' lang='grc' dir='ltr'><em>στίλβειν</em></span> <span class='ocrx_word' id='word_1_365' title='bbox 1229 2467 1270 2498; x_wconf 87' lang='lat' dir='ltr'><em>pr</em></span> <span class='ocrx_word' id='word_1_366' title='bbox 1299 2456 1345 2487; x_wconf 90' lang='lat' dir='ltr'><em>M.</em></span> <span class='ocrx_word' id='word_1_367' title='bbox 1373 2475 1412 2480; x_wconf 88' lang='lat'><em>--</em></span> <span class='ocrx_word' id='word_1_368' title='bbox 1448 2456 1490 2487; x_wconf 84' lang='lat'><em>35</em></span> <span class='ocrx_word' id='word_1_369' title='bbox 1514 2454 1577 2500; x_wconf 76' lang='grc' dir='ltr'><em>τῷ]</em></span> <span class='ocrx_word' id='word_1_370' title='bbox 1602 2454 1670 2488; x_wconf 82' lang='grc' dir='ltr'><em>τοῦ</em></span> <span class='ocrx_word' id='word_1_371' title='bbox 1689 2465 1726 2498; x_wconf 82' lang='lat' dir='ltr'><em>p.</em></span> 
     </span>
     <span class='ocr_line' id='line_1_36' title="bbox 304 2498 1118 2542; baseline 0 -11"><span class='ocrx_word' id='word_1_372' title='bbox 304 2517 343 2522; x_wconf 89' lang='lat'><strong>—</strong></span> <span class='ocrx_word' id='word_1_373' title='bbox 370 2499 406 2542; x_wconf 77' lang='lat' dir='ltr'><em>y]</em></span> <span class='ocrx_word' id='word_1_374' title='bbox 433 2499 455 2541; x_wconf 87' lang='grc' dir='ltr'><em>β</em></span> <span class='ocrx_word' id='word_1_375' title='bbox 478 2499 584 2537; x_wconf 83' lang='lat' dir='ltr'><em>AMd,</em></span> <span class='ocrx_word' id='word_1_376' title='bbox 609 2499 682 2531; x_wconf 81' lang='lat' dir='ltr'><strong>fort</strong></span> <span class='ocrx_word' id='word_1_377' title='bbox 704 2511 743 2542; x_wconf 90' lang='lat' dir='ltr'><em>pr</em></span> <span class='ocrx_word' id='word_1_378' title='bbox 767 2501 831 2533; x_wconf 81' lang='lat' dir='ltr'><em>Bu.</em></span> <span class='ocrx_word' id='word_1_379' title='bbox 856 2517 899 2522; x_wconf 94' lang='lat'><strong>—</strong></span> <span class='ocrx_word' id='word_1_380' title='bbox 922 2501 963 2533; x_wconf 80' lang='lat'><em>39</em></span> <span class='ocrx_word' id='word_1_381' title='bbox 989 2498 1062 2533; x_wconf 74' lang='grc' dir='ltr'><em>ἔστι</em></span> <span class='ocrx_word' id='word_1_382' title='bbox 1085 2500 1118 2531; x_wconf 81' lang='lat' dir='ltr'><em>d.</em></span> 
     </span>
    </p>

    <p class='ocr_par' dir='ltr' id='par_1_5' title="bbox 302 2541 1727 2800">
     <span class='ocr_line' id='line_1_37' title="bbox 389 2541 1727 2596; baseline 0.001 -21"><span class='ocrx_word' id='word_1_383' title='bbox 389 2543 481 2576; x_wconf 76' lang='lat' dir='ltr'><strong>78b2</strong></span> <span class='ocrx_word' id='word_1_384' title='bbox 490 2555 545 2596; x_wconf 82' lang='lat' dir='ltr'><em>pr</em></span> <span class='ocrx_word' id='word_1_385' title='bbox 569 2544 618 2587; x_wconf 81' lang='grc' dir='ltr'><em>τῷ</em></span> <span class='ocrx_word' id='word_1_386' title='bbox 641 2543 676 2586; x_wconf 79' lang='grc' dir='ltr'><em>γ]</em></span> <span class='ocrx_word' id='word_1_387' title='bbox 711 2543 761 2588; x_wconf 77' lang='grc' dir='ltr'><em>τῷ</em></span> <span class='ocrx_word' id='word_1_388' title='bbox 785 2555 805 2585; x_wconf 80' lang='grc' dir='ltr'>γ</span> <span class='ocrx_word' id='word_1_389' title='bbox 827 2543 888 2577; x_wconf 84' lang='grc' dir='ltr'><em>καὶ</em></span> <span class='ocrx_word' id='word_1_390' title='bbox 910 2542 951 2577; x_wconf 86' lang='grc' dir='ltr'><em>τὸ</em></span> <span class='ocrx_word' id='word_1_391' title='bbox 978 2556 1002 2577; x_wconf 81' lang='grc' dir='ltr'><em>α</em></span> <span class='ocrx_word' id='word_1_392' title='bbox 1025 2544 1075 2589; x_wconf 80' lang='grc' dir='ltr'><em>τῷ</em></span> <span class='ocrx_word' id='word_1_393' title='bbox 1099 2545 1121 2586; x_wconf 87' lang='grc' dir='ltr'><em>β</em></span> <span class='ocrx_word' id='word_1_394' title='bbox 1143 2556 1176 2576; x_wconf 77' lang='grc' dir='ltr'><em>η.</em></span> <span class='ocrx_word' id='word_1_395' title='bbox 1200 2562 1245 2568; x_wconf 91' lang='grc'>-</span> <span class='ocrx_word' id='word_1_396' title='bbox 1275 2541 1316 2576; x_wconf 85' lang='grc' dir='ltr'><em>τὸ</em></span> <span class='ocrx_word' id='word_1_397' title='bbox 1353 2542 1389 2585; x_wconf 86' lang='grc' dir='ltr'><em>α]</em></span> <span class='ocrx_word' id='word_1_398' title='bbox 1421 2542 1462 2576; x_wconf 86' lang='grc' dir='ltr'><em>τὸ</em></span> <span class='ocrx_word' id='word_1_399' title='bbox 1498 2555 1521 2575; x_wconf 83' lang='grc' dir='ltr'><em>α</em></span> <span class='ocrx_word' id='word_1_400' title='bbox 1553 2541 1615 2576; x_wconf 82' lang='grc' dir='ltr'><em>καὶ</em></span> <span class='ocrx_word' id='word_1_401' title='bbox 1646 2542 1727 2584; x_wconf 76' lang='grc' dir='ltr'><em>(καὶ</em></span> 
     </span>
     <span class='ocr_line' id='line_1_38' title="bbox 304 2577 1726 2643; baseline 0.001 -26"><span class='ocrx_word' id='word_1_402' title='bbox 304 2598 358 2618; x_wconf 86' lang='lat' dir='ltr'><em>orn</em></span> <span class='ocrx_word' id='word_1_403' title='bbox 381 2589 427 2629; x_wconf 86' lang='lat' dir='ltr'><em>p)</em></span> <span class='ocrx_word' id='word_1_404' title='bbox 461 2584 502 2620; x_wconf 82' lang='grc' dir='ltr'><em>τὸ</em></span> <span class='ocrx_word' id='word_1_405' title='bbox 538 2599 562 2620; x_wconf 84' lang='grc' dir='ltr'><em>α</em></span> <span class='ocrx_word' id='word_1_406' title='bbox 591 2587 642 2632; x_wconf 76' lang='grc' dir='ltr'><em>τῷ</em></span> <span class='ocrx_word' id='word_1_407' title='bbox 673 2587 695 2632; x_wconf 90' lang='grc' dir='ltr'><em>β</em></span> <span class='ocrx_word' id='word_1_408' title='bbox 718 2577 970 2642; x_wconf 70' lang='lat' dir='ltr'><em>ABGMcudpf.</em></span> <span class='ocrx_word' id='word_1_409' title='bbox 1002 2607 1046 2613; x_wconf 89' lang='lat'>—</span> <span class='ocrx_word' id='word_1_410' title='bbox 1075 2588 1115 2622; x_wconf 80' lang='grc' dir='ltr'><em>τὸ</em></span> <span class='ocrx_word' id='word_1_411' title='bbox 1151 2589 1199 2643; x_wconf 86' lang='grc' dir='ltr'><em>μὴ</em></span> <span class='ocrx_word' id='word_1_412' title='bbox 1231 2588 1385 2632; x_wconf 83' lang='grc' dir='ltr'><em>στίλβειν</em></span> <span class='ocrx_word' id='word_1_413' title='bbox 1419 2599 1480 2629; x_wconf 86' lang='lat' dir='ltr'><em>pos</em></span> <span class='ocrx_word' id='word_1_414' title='bbox 1468 2594 1498 2619; x_wconf 92' lang='lat' dir='ltr'><strong>t</strong></span> <span class='ocrx_word' id='word_1_415' title='bbox 1532 2589 1552 2620; x_wconf 85' lang='lat'><strong>3</strong></span> <span class='ocrx_word' id='word_1_416' title='bbox 1578 2584 1619 2621; x_wconf 81' lang='grc' dir='ltr'><em>τὸ</em></span> <span class='ocrx_word' id='word_1_417' title='bbox 1644 2599 1668 2619; x_wconf 86' lang='grc' dir='ltr'><em>α</em></span> <span class='ocrx_word' id='word_1_418' title='bbox 1691 2598 1726 2619; x_wconf 83' lang='grc' dir='ltr'><em>π.</em></span> 
     </span>
     <span class='ocr_line' id='line_1_39' title="bbox 302 2624 1726 2675; baseline 0.001 -13"><span class='ocrx_word' id='word_1_419' title='bbox 302 2647 347 2655; x_wconf 83' lang='grc'><em>--</em></span> <span class='ocrx_word' id='word_1_420' title='bbox 378 2632 397 2662; x_wconf 88' lang='grc'>6</span> <span class='ocrx_word' id='word_1_421' title='bbox 422 2624 627 2672; x_wconf 75' lang='grc' dir='ltr'><em>αὐξάνεται</em></span> <span class='ocrx_word' id='word_1_422' title='bbox 646 2642 703 2675; x_wconf 79' lang='lat' dir='ltr'><em>up.</em></span> <span class='ocrx_word' id='word_1_423' title='bbox 734 2651 779 2658; x_wconf 91' lang='lat'>—</span> <span class='ocrx_word' id='word_1_424' title='bbox 810 2633 831 2665; x_wconf 82' lang='lat'>7</span> <span class='ocrx_word' id='word_1_425' title='bbox 855 2627 964 2672; x_wconf 77' lang='grc' dir='ltr'><em>οὗτος</em></span> <span class='ocrx_word' id='word_1_426' title='bbox 987 2633 1019 2664; x_wconf 81' lang='lat' dir='ltr'><em>d.</em></span> <span class='ocrx_word' id='word_1_427' title='bbox 1049 2651 1093 2656; x_wconf 91' lang='lat'><em>——</em></span> <span class='ocrx_word' id='word_1_428' title='bbox 1133 2645 1199 2667; x_wconf 86' lang='grc' dir='ltr'><em>ουν</em></span> <span class='ocrx_word' id='word_1_429' title='bbox 1233 2644 1287 2665; x_wconf 89' lang='lat' dir='ltr'><em>om</em></span> <span class='ocrx_word' id='word_1_430' title='bbox 1316 2633 1354 2665; x_wconf 83' lang='grc' dir='ltr'><em>Β.</em></span> <span class='ocrx_word' id='word_1_431' title='bbox 1387 2649 1430 2656; x_wconf 87' lang='grc'><strong>-</strong></span> <span class='ocrx_word' id='word_1_432' title='bbox 1459 2632 1598 2674; x_wconf 79' lang='grc' dir='ltr'><em>γίνεται</em></span> <span class='ocrx_word' id='word_1_433' title='bbox 1631 2633 1726 2665; x_wconf 82' lang='grc' dir='ltr'><em>συλλ.</em></span> 
     </span>
     <span class='ocr_line' id='line_1_40' title="bbox 302 2673 1726 2764; baseline 0.001 -58"><span class='ocrx_word' id='word_1_434' title='bbox 302 2685 359 2742; x_wconf 75' lang='grc' dir='ltr'><em>π-ρ.</em></span> <span class='ocrx_word' id='word_1_435' title='bbox 374 2692 475 2751; x_wconf 49' lang='lat' dir='ltr'><em>IX</em></span> <span class='ocrx_word' id='word_1_436' title='bbox 460 2677 499 2708; x_wconf 87' lang='lat'><em>10</em></span> <span class='ocrx_word' id='word_1_437' title='bbox 507 2675 754 2764; x_wconf 55' lang='grc' dir='ltr'><em>σφοὲρῦειδὲς</em></span> <span class='ocrx_word' id='word_1_438' title='bbox 775 2674 1038 2756; x_wconf 39' lang='lat' dir='ltr'><em>&#39;lp—16¹2&amp;</em></span> <span class='ocrx_word' id='word_1_439' title='bbox 1064 2688 1119 2709; x_wconf 93' lang='lat' dir='ltr'><em>om</em></span> <span class='ocrx_word' id='word_1_440' title='bbox 1144 2689 1186 2720; x_wconf 84' lang='lat' dir='ltr'><em>pr</em></span> <span class='ocrx_word' id='word_1_441' title='bbox 1211 2678 1347 2755; x_wconf 66' lang='grc' dir='ltr'><em>Οἷ-</em></span> <span class='ocrx_word' id='word_1_442' title='bbox 1352 2673 1659 2754; x_wconf 58' lang='grc' dir='ltr'><em>12ἑκντιὲτρέφῃ</em></span> <span class='ocrx_word' id='word_1_443' title='bbox 1662 2677 1726 2708; x_wconf 84' lang='grc' dir='ltr'><em>Απ.</em></span> 
     </span>
     <span class='ocr_line' id='line_1_41' title="bbox 304 2716 1707 2800; baseline 0 -47"><span class='ocrx_word' id='word_1_444' title='bbox 304 2765 390 2797; x_wconf 70' lang='lat' dir='ltr'><em>⁹:st</em></span> <span class='ocrx_word' id='word_1_445' title='bbox 411 2732 579 2798; x_wconf 58' lang='grc' dir='ltr'><em>πτο-ιπιι6</em></span> <span class='ocrx_word' id='word_1_446' title='bbox 603 2732 874 2800; x_wconf 52' lang='grc' dir='ltr'><em>αναπνὲῖῑυ.οἶ</em></span> <span class='ocrx_word' id='word_1_447' title='bbox 994 2733 1064 2765; x_wconf 80' lang='grc' dir='ltr'><em>εγει</em></span> <span class='ocrx_word' id='word_1_448' title='bbox 1086 2733 1120 2754; x_wconf 81' lang='grc' dir='ltr'><em>π.</em></span> <span class='ocrx_word' id='word_1_449' title='bbox 1144 2741 1187 2747; x_wconf 93' lang='grc'>-</span> <span class='ocrx_word' id='word_1_450' title='bbox 1222 2733 1241 2755; x_wconf 89' lang='grc' dir='ltr'><em>ο</em></span> <span class='ocrx_word' id='word_1_451' title='bbox 1260 2733 1302 2755; x_wconf 80' lang='grc' dir='ltr'><em>ον</em></span> <span class='ocrx_word' id='word_1_452' title='bbox 1324 2716 1383 2755; x_wconf 83' lang='grc' dir='ltr'><em>ότι</em></span> <span class='ocrx_word' id='word_1_453' title='bbox 1430 2733 1468 2754; x_wconf 89' lang='grc' dir='ltr'><em>ια</em></span> <span class='ocrx_word' id='word_1_454' title='bbox 1634 2717 1707 2754; x_wconf 79' lang='grc' dir='ltr'><em>οἶνοι</em></span> 
     </span>
    </p>
   </div>
  </div>
 </body>
</html>
